3322 5302
770 496 813 561 69

689 584 894 596 -ὰ--κ-

227 701 462 778 liberalitatem,
484 693 730 765 benevolentiam
752 697 856 780 eisque
878 693 1070 779 permittitur
1091 693 1217 778 praedia
1244 692 1353 776 aequi·

228 823 295 870 rere
317 804 496 886 iuribusque
518 800 635 868 eisdem
657 801 705 866 uti
726 801 819 883 atque
841 799 958 866 eeteros
980 797 1080 874 civee;
1102 795 1289 880 permissum
1310 794 1350 864 iis

227 925 351 990 quoque
373 907 468 972 fuisse
490 905 607 972 tribum
630 903 690 970 sibi
712 902 828 986 eligere
858 902 951 984 atquo
983 899 1081 978 claua,
1104 898 1215 982 quibus
1238 917 1271 964 se
1294 895 1350 966 ad·

227 1005 323 1076 scribi
345 1009 470 1089 uellent,
494 1027 588 1090 supra
609 1005 751 1091 pluribus
774 1004 875 1072 deoru.

687 1290 892 1298 Μ*-

448 1542 491 1613 2.
524 1543 596 1614 De
613 1542 788 1614 senatu
811 1541 863 1614 et
885 1539 1124 1613 contione.

331 1712 519 1795 Priusquam
541 1713 580 1778 ad
602 1713 795 1798 singularum
817 1711 872 1778 Cei
892 1713 1011 1778 insulae
1040 1712 1165 1780 urbium
1187 1711 1350 1779 senatuum

227 1814 467 1898 contionumque
489 1816 640 1884 rationem
663 1818 695 1882 et
716 1815 926 1882 condicionem
957 1815 1102 1884 accedam
1131 1815 1353 1884 nonullorum
1415 1900 1418 1906 ,

167 1929 169 1938 '
229 1937 337 1986 censeo
368 1919 475 2002 paucis
506 1938 543 1984 oa
574 1919 739 2002 complecti
778 1921 870 2002 atque
908 1936 1110 1996 commonere,
1145 1937 1223 2002 quae
1257 1935 1349 2002 supra

229 2019 318 2102 (Cap.
344 2020 386 2104 ll)
409 2021 537 2086 uberius
558 2021 695 2104 exposui.
740 2020 843 2104 Atque
865 2019 1000 2086 vidimus
1022 2021 1054 2086 in
1069 2020 1172 2092 insula
1186 2022 1246 2086 Ceo
1269 2020 1351 2086 anb-

228 2123 333 2205 quitus
356 2125 504 2206 quattuor
525 2124 621 2190 fuisse
643 2123 765 2205 oppida
812 2123 934 2208 Oppida
954 2124 1012 2190 illa
1029 2123 1220 2208 temporibus
1242 2123 1350 2206 quarto

229 2245 257 2291 e.
280 2225 352 2292 Chr.
374 2245 454 2294 saec.
478 2227 702 2310 antiquioribus
724 2227 903 2310 sympolitia
930 2228 1094 2294 coniuncta
1123 2226 1218 2294 fuisse
1240 2227 1350 2290 uiden·

228 2330 280 2394 tur
300 2329 346 2396 ita
367 2329 502 2414 quidem,
526 2333 563 2396 ut
583 2349 632 2396 res
655 2329 796 2398 externas
819 2330 1024 2396 communiter
1041 2329 1350 2408 administrarentur

227 2432 318 2498 robus
341 2435 444 2500 autem
468 2432 646 2500 domesticis
669 2433 719 2500 sui
739 2432 816 2498 iuris
839 2434 952 2498 essent.
996 2431 1081 2513 Quae
1097 2431 1275 2518 sympolitia
1296 2449 1352 2514 per

229 2554 261 2602 se
283 2535 359 2602 satis
381 2535 461 2614 laxa,
483 2537 609 2602 meante
632 2535 677 2600 IV
699 2554 727 2600 a.
750 2534 821 2601 (ihr.
853 2535 975 2602 saeculo
1008 2535 1085 2602 adeo
1120 2533 1271 2602 dissoluta
1293 2532 1350 2612 est,

228 2637 264 2704 ut
286 2637 410 2722 singula
431 2638 545 2722 oppida
565 2639 597 2704 in
620 2638 762 2706 omnibus
784 2637 885 2718 rebus,
908 2639 940 2704 et
961 2639 1092 2706 externis
1110 2638 1142 2704 et
1160 2636 1349 2714 domesticis,

230 2739 277 2806 sui
298 2739 375 2804 iuris
396 2740 511 2806 essent.
555 2739 616 2806 Sed
637 2741 695 2806 illa
706 2741 887 2826 oppidorum
908 2737 1077 2826 αὐτονομία
1092 2758 1152 2806 non
1171 2739 1226 2804 diu
1240 2737 1350 2822 riguit.

229 2841 334 2908 Tertio
356 2842 438 2908 enim
461 2861 490 2908 a.
513 2841 584 2912 Chr.
607 2862 687 2912 saec.
711 2845 891 2918 erenstein
922 2843 1025 2910 insula
1055 2843 1154 2908 denuo
1175 2841 1350 2909 invenimus
1465 2873 1471 2886 ·

229 2944 439 3027 sympolitiam
462 2944 511 3012 vel
533 2945 638 3031 potius
661 2944 773 3026 κοινόν,
797 2946 853 3012 sed
866 2946 1033 3013 artioribus
1050 2943 1183 3010 uinculis
1205 2942 1350 3010 coniunc-

227 3048 294 3114 tum
317 3067 411 3132 quam
433 3050 642 3134 superioribus
656 3051 857 3135 temporibus.
879 3049 986 3116 Primo
1009 3067 1037 3116 a.
1060 3047 1131 3116 (ihr.
1153 3065 1234 3114 saec.
1256 3063 1352 3130 parva

227 3150 283 3217 illa
305 3151 429 3236 oppida,
441 3152 570 3220 Poiessa
591 3156 624 3220 et
638 3152 773 3234 Ocresia,
795 3155 985 3238 synoeeismo
1008 3171 1078 3220 cum
1101 3151 1271 3219 maioribus
1294 3167 1350 3232 op-

227 3252 309 3336 pidis
331 3254 483 3322 Carthaea
505 3257 538 3322 et
558 3255 664 3322 Julide
686 3257 850 3322 coniuncta
871 3256 955 3320 sunt.

331 3356 417 3422 Haec
439 3357 636 3440 praemittere
659 3357 788 3440 placuit,
810 3375 879 3424 cum
911 3357 970 3422 bac
1001 3353 1194 3440 paragrapho
1217 3352 1350 3436 diligen·

227 3456 291 3522 tius
314 3457 522 3542 quaerendum
545 3459 595 3537 sit,
618 3479 696 3542 quae
717 3459 864 3528 fueritin
894 3459 996 3526 insula
1014 3459 1056 3524 et
1086 3455 1298 3524 communium
1318 3454 1350 3520 et

227 3559 421 3644 siugularum
443 3561 568 3628 urbium
590 3564 714 3630 uenatus
737 3562 993 3644 comitiorumque
1023 3560 1103 3626 ratio
1137 3561 1169 3626 et
1200 3555 1350 3624 condicio.

330 3664 378 3732 De
400 3665 510 3748 priore,
533 3685 626 3750 quam
658 3666 731 3746 dixi,
762 3665 942 3754 sympolitia
975 3683 1045 3732 cum
1077 3681 1137 3730 nou
1166 3661 1269 3728 multa
1289 3660 1351 3726 dici

226 3768 349 3848 possint
370 3787 465 3852 eaque
487 3788 580 3854 supra
603 3769 691 3854 (Cap.
714 3769 760 3853 II)
783 3771 909 3838 uberius
943 3767 1183 3835 commemorata
1203 3766 1276 3845 sint,
1299 3763 1351 3835 bio

227 3867 362 3936 breuiter
383 3871 487 3938 omnia
508 3873 692 3956 argumenta
713 3873 917 3956 adstringam.
970 3870 1116 3938 Vidimus
1138 3867 1214 3936 Ceos
1235 3869 1350 3954 pugnis

228 3971 311 4054 apud
333 3975 536 4040 Artemisium
569 3975 786 4058 Salaminaquo
818 3974 910 4042 factis
943 3993 1013 4042 cum
1044 3973 1190 4056 quattuor
1219 3970 1350 4040 nauibus

227 4075 459 4159 interfuisse¹);
492 4078 652 4160 praeterea
683 4077 828 4144 dbbncte
860 4077 977 4158 monui,
1008 4075 1195 4146 Salaminiae
1228 4090 1350 4160 pugnae

227 4178 322 4246 etiam
344 4177 422 4248 alias
444 4179 563 4244 insulas
594 4179 779 4260 interfuisse,
812 4197 933 4264 pugnae
961 4179 1066 4246 autem
1097 4177 1181 4264 apud
1212 4175 1351 4244 Artemi·

331 4417 357 4485 1)
375 4419 439 4473 Har.
458 4417 519 4473 VIII
538 4419 570 4474 1:
589 4413 664 4488 Κήιοι
681 4417 729 4472 δύο
746 4436 776 4472 τι
793 4418 857 4479 νέας
871 4419 912 4476 aad
929 4419 1151 4489 πεντηκοντέρους
1165 4417 1222 4472 δύο.
