3322 5302
911 471 954 538 78

830 561 1032 572 -μ-ι

472 675 507 759 9)
530 673 713 740 Proxeni
749 673 937 757 originis
968 672 1180 742 incertae:
1220 673 1265 758 (ιι.
1300 673 1339 740 10
1377 674 1499 756 passim

370 779 403 844 et
425 796 456 842 ιι.
480 775 545 861 12).
1369 825 1382 838 .

474 879 523 945 Ne
544 880 618 963 quid
639 879 899 963 praetermittam,
920 878 1058 948 adieram
1080 879 1174 944 eiiam
1207 878 1280 946 illos
1309 879 1429 958 titulos,
1461 879 1496 944 in

372 983 483 1066 quibus
499 982 629 1052 Ooorum
651 983 770 1050 ciuibus
792 982 938 1066 proxenia
960 983 998 1048 ab
1018 983 1089 1049 aliis
1104 983 1284 1050 civitatibus
1299 982 1495 1048 decernitur:

372 1107 390 1152 a
411 1086 556 1153 Deliis
579 1087 623 1172 (n.
639 1085 799 1170 laneae)
821 1105 840 1152 a
862 1085 1044 1172 Delphis
1060 1084 1192 1170 sn.136.
1208 1084 1353 1169 lecara
1370 1085 1497 1150 Athe-

373 1189 601 1256 uiensibus
623 1190 667 1275 sn.
692 1188 753 1253 127
776 1208 807 1256 u.
829 1187 871 1254 39
894 1189 925 1254 et
948 1189 1078 1255 fortasse
1101 1208 1131 1254 ιι.
1157 1187 1245 1272 130).
1337 1207 1344 1222 ·

475 1292 612 1360 Koehler
633 1292 672 1358 ad
696 1291 948 1360 Cartheeensium
970 1289 1148 1372 catalogum
1171 1290 1207 1376 (l.
1230 1290 1252 1356 ι.
1275 1311 1305 1374 p.
1321 1290 1398 1375 278)
1419 1291 1497 1356 haee

372 1396 551 1462 adnotavit:
598 1393 761 1472 „wahrend
805 1392 855 1459 die
891 1392 1091 1459 athenischen
1127 1391 1496 1476 Proxenieuerleihungon

373 1499 494 1583 stotige,
528 1516 668 1583 sorgsam
698 1495 851 1581 gepflegte
874 1496 1090 1579 Beaiehungen
1122 1496 1185 1562 und
1212 1498 1340 1580 garrisse
1363 1497 1496 1564 leitande

373 1599 536 1684 politisohe
559 1598 818 1682 Gesiehtspunkte
841 1599 994 1666 erlraunen
1017 1598 1130 1676 lassen,
1162 1599 1249 1690 trdgt
1271 1598 1320 1665 die
1342 1599 1497 1665 karthaei·

373 1703 446 1768 sche
467 1702 554 1768 Lista
576 1701 664 1768 mehr
686 1702 773 1768 einen
795 1701 973 1784 tettingen,
998 1701 1093 1766 durch
1117 1708 1241 1768 cussare
1256 1701 1428 1767 Umstcndo
1443 1702 1497 1768 be-

373 1805 502 1889 dingten
533 1804 710 1880 Charakter.
763 1804 901 1870 Hiervon
932 1804 1062 1870 machon
1095 1823 1153 1870 nur
1186 1803 1235 1870 die
1267 1804 1497 1870 Verueichuisse

369 1913 428 1979 ,der
448 1927 506 1974 uon
530 1907 589 1974 den
610 1907 797 1974 Karthaiern
821 1909 853 1974 in
876 1907 1066 1974 Athen-und
1089 1907 1121 1972 ιιι
1144 1907 1203 1976 den
1226 1906 1354 1974 sanan
1383 1927 1422 1974 an
1444 1908 1499 1973 der

374 2011 545 2078 Seestrasse
561 2012 640 2078 nach
655 2011 726 2078 dem
740 2011 923 2094 pontisohen
939 2010 1185 2092 Haudelsgebiet
1199 2013 1367 2076 ernannton
1384 2011 1498 2076 Proxe-

375 2133 432 2180 nen
456 2116 523 2180 eino
545 2114 757 2180 Ausnahme“.
802 2114 846 2178 At
868 2133 939 2179 vero
961 2115 1153 2197 praeceptori
1176 2114 1334 2179 carissimo
1353 2115 1498 2180 ‘assentiri

375 2233 433 2283 non
457 2235 594 2299 possum.
640 2217 780 2298 Apparet
801 2215 939 2298 quidem,
956 2216 989 2280 ¹si
1010 2215 1189 2299 catalogum
1220 2234 1291 2280 aum
1323 2216 1495 2280 accuratius

375 2317 596 2396 examinamus,
619 2316 748 2384 Oeorum
763 2316 904 2382 ciuitates
925 2335 986 2382 non
1008 2317 1196 2400 reipublicae
1220 2317 1392 2383 rationibus
1415 2335 1497 2382 com·

375 2421 476 2486 motas
497 2439 646 2503 proxenos
669 2420 741 2486 illes
773 2424 957 2485 nominasse.
1002 2419 1063 2486 Sed
1091 2439 1214 2503 quaero,
1244 2439 1395 2502 quaenam
1426 2421 1498 2486 illae

377 2521 507 2588 Ceorum
528 2523 663 2589 rationes
686 2521 827 2606 publicae
850 2541 916 2588 esso
939 2523 1104 2606 potuerint,
1128 2541 1199 2588 cum
1221 2521 1275 2589 Cei
1297 2541 1418 2606 semper
1438 2525 1499 2588 fero

376 2625 447 2690 aliis
471 2625 648 2692 civitatibus
670 2625 839 2710 paruerint.
882 2625 982 2692 Immo
1005 2645 1076 2692 vero
1100 2626 1161 2705 Cei,
1186 2628 1268 2693 sicut
1290 2627 1369 2692 aliae
1391 2625 1500 2711 Cycla·

376 2727 430 2794 des
453 2729 656 2812 civitatesque
671 2729 858 2808 maritimae,
881 2747 1028 2812 proxenos
1044 2729 1222 2796 commercii
1237 2747 1330 2794 causa
1346 2729 1498 2800 creabant

375 2830 408 2896 id
431 2831 513 2914 qnod
535 2831 650 2913 optime
674 2831 815 2914 catalogo
836 2831 905 2914 ipso
927 2830 1137 2896 confirmatur.
1181 2831 1228 2895 III
1244 2831 1369 2914 quidem
1384 2851 1412 2896 a.
1430 2829 1499 2896 Ohr.

377 2953 470 3018 saec,
514 2935 569 3001 ubi
600 2934 750 3018 Cyclades
794 2935 885 3001 modo
916 2934 1143 3018 Aegyptiorum
1172 2934 1264 3001 modo
1298 2935 1500 3000 Macedonum

376 3038 501 3122 regibus
523 3037 682 3119 parebant,
706 3035 839 3102 Poiessii
860 3035 1061 3102 Macedonem
1084 3035 1238 3119 quondam
1261 3036 1304 3121 (n.
1328 3035 1393 3122 71),
1425 3035 1499 3102 (iar-

376 3139 538 3205 thaeensos
561 3138 734 3204 Ptolemaei
757 3139 970 3204 centurionem
992 3139 1036 3222 (ιι.
1060 3138 1115 3222 17)
1138 3157 1287 3221 proxeuos
1312 3139 1498 3218 creauerunt,

377 3242 431 3308 eod
454 3262 551 3326 neque
573 3243 630 3308 hae
652 3243 845 3326 exceptiones
867 3243 971 3326 legem
993 3263 1011 3310 a
1034 3243 1123 3310 nobis
1142 3242 1343 3308 constitutam
1365 3242 1500 3308 labefac-

376 3347 443 3412 tare
467 3346 606 3429 possunt,
639 3345 671 3410 et
700 3344 777 3410 haec
808 3344 932 3411 decreta
964 3345 1059 3410 etiam
1082 3344 1121 3410 ad
1144 3345 1321 3410 commercii
1342 3342 1500 3410 commoda

376 3449 489 3514 referre
510 3466 686 3530 possumus.

482 3551 601 3629 Restat,
625 3553 661 3616 ut
682 3569 781 3633 pauca
804 3550 905 3616 dicam
928 3550 965 3617 de
988 3551 1082 3616 νιιιιι
1114 3551 1281 3617 honoribus
1312 3553 1344 3617 et
1374 3549 1501 3634 privile-

377 3653 438 3736 giis
462 3671 533 3718 cum
555 3655 701 3736 proxenia
723 3653 905 3719 coniunctis.
950 3653 1091 3720 Honores
1113 3653 1162 3720 ilii
1193 3673 1298 3720 omnes
1321 3671 1501 3719 enumeran-

378 3758 430 3822 tur
459 3758 492 3822 ιιι
524 3756 776 3824 Carthaeensium
809 3757 903 3822 titulo
934 3777 966 3824 n.
991 3755 1048 3822 12:
1081 3756 1242 3822 ἐπαινέσαι
1273 3758 1392 3842 μὲν-
1415 3756 1501 3840 [στε-

379 3868 522 3944 φανῶσαι
544 3860 579 3924 δὲ
601 3862 657 3924 καὶ
679 3866 788 3944 χρυσῷ
812 3860 955 3944 στεφάνῳ
978 3863 1033 3923 καὶ
1065 3858 1288 3948 ἀναγορεῠσ]σι
1310 3862 1365 3924 τὸν
1388 3857 1501 3942 στέφα-

378 3983 429 4027 νον
455 3961 622 4039 Διονυσίοις
653 3970 697 4046 τῷ
729 3964 838 4047 ἀγῶνι.
909 3961 1013 4051 [Εἶναι
1045 3963 1079 4026 δὲ
1110 3964 1224 4038 αὐτοὺς
1254 3965 1310 4026 καὶ
1339 3960 1504 4048 προξένους

380 4063 580 4149 adfectans
603 4065 679 4151 τ]ῆς
700 4064 892 4150 Καρθαιὲιυν
923 4068 1072 4142 καὶτοὺς
1103 4065 1253 4150 ἐκγόνους
1283 4066 1400 4148 αὐτῶν,
1435 4061 1504 4150 [καὶ

379 4177 440 4254 γῆς
477 4163 598 4246 αὐτοῖς’
620 4169 772 4255 ἔγκτησιν
803 4171 858 4234 καὶ
889 4167 990 4245 οἰκίας
1021 4167 1111 4251 eiras,
1148 4168 1220 4254 καὶ]
1255 4169 1361 4243 αὐτοῖς
1384 4164 1504 4229 ’πάντα

380 4271 565 4359 emesena]
590 4273 707 4357 ὅσοιπερ
731 4275 786 4336 καὶ
817 4282 882 4348 τοῖς
912 4269 1035 4359 ἄλ[λοις
1068 4269 1234 4356 προξένοις,
1269 4274 1325 4335 καὶ
1356 4268 1504 4334 εἴσπλουν

380 4376 436 4440 καὶ
457 4374 596 4440 ἔκπλουν
619 4374 731 4440 denisi
752 4377 808 4438 aot
830 4372 993 4462 ἀσπ]ονδεὶ
1024 4375 1080 4438 καὶ
1111 4374 1145 4438 ἐν
1176 4373 1283 4458 εἰρήνῃ
1316 4375 1372 4436 καὶ
1394 4371 1426 4436 ἐν
1447 4391 1505 4436 πο-
