3336 5314
865 431 908 498 24

405 671 447 742 2.
493 669 579 742 Cei
600 671 789 742 insulae
811 683 892 742 res
916 683 1040 742 1111.
1063 671 1108 742 V
1124 685 1171 741 a.
1196 669 1305 742 Chr.
1327 686 1372 740 n.

428 839 536 904 Prima
557 839 759 922 expeditione,
784 857 877 921 quam
893 838 1007 904 Persae
1023 837 1183 903 Mandonio
1206 837 1284 902 duce
1302 838 1455 904 adversus

328 941 461 1008 Graecos
492 943 701 1026 susceperant,
733 941 914 1008 calamitose
945 945 985 1005 ad
1014 941 1138 1006 irritum
1159 939 1295 1018 redacta,
1330 941 1455 1006 Dareus

328 1045 556 1128 consiliariique
578 1046 645 1110 eius
667 1044 887 1110 intellexerunt
917 1044 1016 1110 multo
1047 1063 1114 1110 esse
1138 1043 1329 1109 commodius
1352 1043 1454 1110 classe

327 1146 489 1214 Graeciam
510 1149 625 1231 petere.
669 1147 856 1230 Priusquam
878 1148 984 1212 autem
1014 1149 1181 1212 secundam
1211 1147 1300 1212 illam
1327 1146 1453 1228 expedi-

326 1249 443 1315 tionem
465 1251 611 1332 suscepit,
635 1249 754 1315 Dareus
777 1249 898 1332 legatos
920 1249 953 1314 in
971 1248 1134 1316 Graeciam
1154 1249 1332 1330 insulasque
1353 1249 1451 1328 misit,

326 1353 379 1434 qui
393 1353 507 1416 terram
521 1351 553 1416 11
568 1370 679 1434 aquam
695 1354 866 1432 poscerent.
907 1349 1016 1428 ,Tora
1038 1352 1152 1435 ἥκουσι
1175 1351 1207 1427 ἐς
1230 1352 1288 1434 τὴν
1309 1349 1453 1416 Ἑλλάδα

326 1453 450 1540 κήρυξι,
482 1456 583 1538 inquit
615 1453 789 1520 Herodotus
821 1454 880 1535 (VI
902 1454 968 1536 49),
1006 1454 1119 1518 πολλοὶ
1162 1457 1217 1540 μὲν
1253 1453 1453 1540 ἠπειρωτέων

326 1557 439 1624 ἔδοσαν
462 1561 503 1622 τὰ
524 1557 695 1644 προίσχετο
717 1557 829 1622 αἰτέων
851 1557 868 1622 ὁ
890 1556 1027 1643 Πέρσης,
1061 1557 1221 1634 πάντες
1252 1559 1296 1622 δὲ
1329 1579 1453 1644 νησι-

326 1667 435 1724 ῶται
471 1661 512 1736 ἐς
548 1664 649 1737 τοὺς
684 1659 923 1724 ἀπικοίατο
955 1660 1227 1746 αἰτήσοντες.
1275 1663 1304 1724 σί
1337 1681 1373 1724 τε
1412 1660 1453 1746 δὴ

327 1761 420 1826 ἄλλοι
454 1771 607 1847 νησιῶται
629 1762 745 1828 διδοῦσι
767 1772 831 1846 γῆν
861 1783 896 1826 τε
927 1765 983 1826 καί
1013 1762 1093 1847 ὕδωρ
1115 1761 1234 1846 Δαρείῳ
1257 1764 1313 1825 καί
1334 1762 1374 1846 δὴ
1398 1765 1455 1826 καὶ

327 1863 528 1950 Αίγινῆται.“
574 1866 835 1933 susurronum
851 1865 889 1930 de
904 1866 1057 1932 universis
1079 1867 1193 1932 insulis
1209 1867 1267 1932 hoc
1281 1866 1453 1945 contendit,

327 1967 421 2033 verba
445 1969 502 2034 illa
525 1987 595 2034 cnm
618 1970 710 2034 rebus
732 1969 809 2050 ipsis
844 1987 1011 2052 congruere
1043 1987 1110 2032 non
1135 1967 1296 2034 videntur:
1327 1971 1456 2052 apparet

326 2071 408 2134 enim
442 2089 479 2134 11
509 2071 586 2144 Η11.Ι
607 2072 650 2136 Vl
675 2070 717 2136 96
747 2069 869 2136 Naxum
902 2071 1038 2136 insulam
1071 2069 1104 2135 id
1134 2089 1195 2134 uon
1226 2069 1345 2136 fecisse.
1391 2068 1453 2134 Sed

325 2171 437 2238 Persas
461 2173 579 2255 aliquot
601 2174 720 2238 insulas
742 2191 803 2238 nou
825 2173 938 2238 obiisse
961 2173 1107 2256 colligere
1130 2191 1294 2254 possumus
1318 2192 1354 2237 11
1375 2172 1452 2255 ipsis

330 2273 482 2340 Herodoti
504 2275 606 2340 verbis
632 2275 691 2358 ,,ἐς
713 2279 784 2351 τοὺς
805 2275 972 2340 ἀπικοίατο
994 2275 1218 2360 αἰτήσοντεςίί,
1247 2293 1320 2340 nam
1341 2259 1452 2356 paruas

326 2376 445 2442 insulas
477 2379 516 2442 ab
542 2379 582 2443 iis
605 2378 764 2462 neglectas
798 2397 864 2444 esse
896 2398 933 2444 11
965 2398 997 2442 11
1028 2377 1239 2459 intellegitur;
1274 2378 1356 2460 quod
1379 2395 1453 2442 eane

326 2477 389 2542 dici
410 2497 469 2544 non
493 2480 597 2560 potest
619 2480 656 2545 de
678 2480 797 2558 Nariis,
820 2481 873 2562 qui
895 2481 961 2545 sine
984 2479 1077 2546 dubio
1098 2481 1264 2544 Persarum
1286 2479 1452 2561 imperium

325 2584 556 2648 recusaverunt.
589 2583 696 2664 ltaque
719 2602 790 2648 cum
811 2583 964 2648 Herodoti
986 2583 1087 2648 verbis
1111 2582 1203 2649 fidem
1226 2601 1372 2665 magnam
1395 2583 1452 2646 tri-

325 2684 419 2750 buere
441 2705 501 2751 non
524 2687 690 2768 possimne,
712 2687 877 2769 quaeritur,
909 2687 947 2752 de
970 2685 1040 2752 Osis
1063 2685 1137 2768 quid
1168 2686 1209 2750 sit
1241 2684 1452 2750 statuendum.

327 2784 387 2852 Sed
409 2787 590 2871 prinsquam
612 2769 730 2854 de⁸hao
751 2808 784 2854 re
807 2789 919 2867 dicam,
952 2807 1077 2854 necesse
1110 2790 1158 2853 111
1181 2787 1304 2871 Datidis
1328 2786 1452 2869 expedi-

326 2890 441 2955 tionem
463 2891 566 2972 ipsam
587 2891 721 2956 breviter
742 2892 961 2974 perstringam.

429 2994 509 3059 Vere
540 2994 613 3059 anni
643 2993 707 3058 490
729 2994 895 3060 Persarum
926 2995 1034 3060 classis
1064 2993 1178 3058 Datide
1199 2993 1452 3075 Artaphreneque

326 3095 456 3160 ducibus
486 3115 526 3162 11
553 3095 662 3162 Cilicia
691 3098 776 3163 exiit.
830 3095 961 3162 Cursum
992 3099 1127 3179 primum
1158 3096 1328 3163 secundnm
1359 3095 1452 3161 Asiae

329 3216 413 3264 oram
438 3198 570 3264 Samum
592 3199 778 3266 direxerunt.
823 3199 915 3265 Samo
938 3199 1049 3264 deinde
1071 3199 1194 3264 Naxum
1216 3198 1345 3280 profecti
1366 3198 1452 3264 insu·

328 3301 390 3368 lam
413 3303 511 3383 illam,
536 3305 623 3386 cuius
645 3305 763 3370 incolae
785 3305 818 3368 in
850 3305 970 3369 montes
1001 3303 1212 3388 profugerant,
1242 3303 1452 3368 vastaverunt.

327 3405 447 3470 Deinde
474 3407 571 3485 Datis,
597 3407 672 3471 dum
694 3407 802 3472 classis
824 3407 857 3471 in
888 3407 991 3471 insula
1013 3405 1139 3471 Rhenes
1162 3405 1312 3484 consistit,
1338 3405 1451 3470 Delum

327 3527 359 3573 se
381 3510 515 3574 contulit
536 3510 639 3592 ibique
662 3511 694 3574 in
716 3510 872 3592 Apollinis
894 3511 1042 3576 honorem
1063 3511 1201 3575 trecenta
1234 3509 1312 3574 turis
1335 3509 1452 3574 talenta

327 3611 506 3676 combussit.
551 3611 645 3688 Δᾶτις
679 3613 734 3696 μὲν
766 3611 805 3697 δὴ
837 3621 940 3676 ταῦτα
962 3613 1109 3698 ποιήσοις,
1141 3612 1243 3694 inquit
1265 3611 1451 3689 Herodotus

327 3712 423 3776 ἔπλεε
445 3715 511 3798 ἅμα
534 3722 578 3797 τῷ
601 3722 725 3798 στρατῷ
748 3713 800 3778 ἐπί
823 3715 882 3798 τὴν
903 3713 1062 3798 Ἐρετρίαν
1084 3721 1215 3799 πρώτας
1240 3714 1347 3780 urbem
1365 3714 1453 3778 illam

327 3816 460 3898 septimo
482 3815 533 3880 die
556 3817 704 3899 ceperunt
725 3818 757 3882 et
778 3816 1025 3883 devastaverunt.
1070 3816 1304 3902 Χειρωσάμενοι
1336 3816 1370 3879 δὲ
1396 3817 1452 3900 τὴν

325 3917 486 4004 Ἐρετρίοιν
509 3921 565 3983 καὶ
587 3917 772 4004 ἐπισχόντες
795 3919 903 4004 ὀλίγας
925 3920 1043 4006 ἡμέρας
1065 3920 1179 3984 ἔπλεον
1212 3920 1243 3996 ἐς
1269 3921 1327 4004 τὴν
1349 3917 1451 3983 Ἀττι-

327 4018 401 4103 κήν.
447 4021 540 4086 Η111
562 4023 624 4087 1111
646 4021 679 4086 11
701 4021 828 4087 modum
850 4021 1028 4087 Herodotus
1052 4021 1111 4105 (VI
1125 4019 1297 4104 sec-102)
1312 4039 1360 4086 res
1382 4021 1451 4086 illas

325 4125 440 4189 narrat.
485 4125 583 4207 Atqui
614 4126 690 4191 satis
721 4125 821 4190 multa
853 4127 937 4211 sunt,
972 4144 1049 4208 quae
1080 4126 1214 4192 maxime
1246 4124 1451 4208 suspicionem

326 4229 463 4294 nostram
484 4229 618 4295 movent.
663 4229 708 4294 At
729 4229 838 4294 elassis
862 4229 998 4312 quidem,
1027 4229 1064 4293 ut
1086 4248 1104 4294 a
1125 4231 1302 4312 temporum
1325 4246 1450 4310 compu-

325 4331 442 4398 tatione
465 4332 622 4416 incipiam‚
646 4351 717 4398 vere
740 4333 878 4416 profecta
901 4351 969 4398 esse
993 4331 1114 4411 dicitur,
1139 4351 1245 4416 pugna
1261 4331 1452 4396 Marathonia
