3336 5314
875 478 918 542 46

333 687 381 750 ter
402 702 435 749 se
458 683 498 749 ad
518 683 730 748 insulanorum
753 682 926 764 applicasse
948 681 1137 759 societatem,
1161 699 1231 746 cum
1253 680 1318 746 tale
1339 680 1459 762 praesi-

334 787 420 851 dinm
443 786 675 852 desiderarent?
699 784 778 850 Sane
802 785 855 851 Cei
876 785 1090 850 insulanorum
1112 784 1269 850 societatis
1291 783 1459 866 participes

334 888 429 954 luisse
466 906 616 970 nusquam
652 887 767 954 diserte
799 887 989 969 dicuntnr¹),
1035 886 1090 952 sed
1126 904 1162 951 ex
1192 883 1460 968 dispuisitionibns

334 990 494 1069 Hemellii,
517 991 689 1068 Haerettii,
713 989 880 1056 Schoefferi
902 989 1036 1054 dilucide
1067 989 1197 1072 apparet
1218 1007 1324 1054 omnes
1347 987 1460 1073 Cycla·

334 1092 388 1160 des
410 1093 542 1161 foederis
564 1094 651 1159 illius
673 1093 769 1160 inisse
792 1093 969 1176 participes.
1023 1089 1167 1157 Ceterum
1196 1091 1234 1156 de
1264 1091 1368 1156 insula
1398 1090 1460 1157 (leo

333 1195 366 1260 id
388 1215 425 1261 ex
447 1215 480 1260 se
502 1196 707 1277 intellegitur,
732 1215 802 1261 cum
834 1194 889 1261 Cei
919 1197 951 1260 et
982 1195 1229 1278 amphictyoniae
1258 1193 1405 1260 Deliacae
1427 1196 1461 1259 et

335 1297 491 1364 societatis
514 1299 784 1364 Deliaco-Atticae
807 1301 840 1363 et
860 1299 989 1364 alterins
1013 1298 1171 1364 societatis
1193 1299 1369 1364 maritimae
1390 1297 1461 1364 fne-

333 1401 397 1466 rint
417 1401 594 1484 participes.
640 1401 804 1468 Societatis
835 1401 921 1466 illius
953 1399 995 1484 (ci
1026 1410 1177 1488 νησιῶται
1208 1401 1258 1466 vel
1289 1403 1326 1464 τὸ
1357 1405 1461 1466 κοινὸν

334 1510 397 1568 τῶν
419 1507 593 1588 νησιωτῶν)
616 1523 664 1570 ree
687 1507 779 1588 atque
802 1504 947 1570 instituta
970 1523 1041 1568 eum
1063 1524 1082 1570 a
1103 1505 1178 1570 viris
1193 1523 1270 1587 quoe
1290 1523 1383 1587 snpra
1397 1504 1462 1569 dixi

334 1604 458 1670 uberius
481 1605 544 1672 eint
566 1608 715 1689 exposita,
739 1627 799 1673 non
822 1625 926 1672 meum
948 1625 1014 1672 esse
1037 1609 1179 1673 existimo
1210 1627 1246 1674 ea
1275 1607 1327 1672 hic
1360 1607 1461 1672 denuo

334 1725 485 1774 enarrare.
530 1710 634 1792 Atque
667 1711 700 1776 id
723 1712 849 1794 quidem
880 1709 1034 1776 Schoeffer
1068 1713 1113 1794 (p.
1149 1712 1205 1796 95)
1236 1713 1302 1776 iure
1333 1711 1461 1776 demen-

335 1812 449 1878 etrasse
471 1812 549 1877 milri
563 1813 695 1891 videtur,
719 1833 780 1878 nen
795 1813 1010 1878 Ptolemaeum
1034 1816 1127 1897 (quae
1140 1813 1292 1880 Hemellii
1307 1814 1374 1878 erat
1389 1832 1461 1878 sen·

334 1913 446 1998 tentia)
469 1915 601 1983 foederis
623 1917 795 2000 principem
819 1916 923 1994 inisse,
947 1916 1001 1981 sed
1032 1916 1179 1983 Rhodios.
1235 1917 1460 2000 Aegyptiorum

335 2034 445 2100 regum
468 2021 685 2086 auctoritatem
706 2022 771 2086 toto
796 2020 875 2084 mari
890 2021 1016 2103 Aegaeo
1030 2021 1197 2086 maximam
1211 2021 1316 2099 fuisse,
1332 2020 1460 2085 minime

337 2138 435 2204 nego:
460 2122 536 2201 „sed
557 2123 730 2190 Ptolemaei
751 2128 873 2207 regee,“
895 2124 997 2205 inquit
1018 2121 1182 2202 Schoeffer‚
1203 2123 1366 2202 „onerant
1386 2141 1460 2203 pru-

336 2223 451 2303 dentia,
474 2226 510 2292 ut
530 2225 637 2290 fideles
668 2242 720 2290 eos
752 2227 851 2291 socios
882 2225 997 2290 habere
1027 2225 1160 2290 mallent
1190 2243 1285 2308 quam
1315 2225 1458 2290 libertate

336 2328 441 2411 erepta
464 2346 568 2394 eorum
591 2348 609 2393 a
632 2347 664 2392 ee
688 2328 807 2393 animos
830 2328 1038 2415 abalienare.“
1094 2327 1182 2407 Quod
1213 2345 1401 2411 quamquam
1423 2325 1460 2392 de

335 2429 465 2496 Rhodiis
486 2431 611 2496 tantum
634 2431 712 2496 dixit
733 2431 899 2497 manifesto
922 2431 1018 2497 etiam
1041 2431 1079 2496 ad
1102 2433 1220 2497 ceteros
1251 2431 1389 2513 pertinet
1410 2449 1461 2496 se-

337 2531 411 2597 cios.
455 2532 506 2597 Ad
527 2533 667 2616 tempora
689 2534 745 2600 illa
775 2533 952 2600 referendus
986 2535 1034 2600 eet
1065 2533 1318 2600 Carthaeensium
1350 2535 1462 2600 titulus

337 2653 368 2698 n.
392 2633 450 2700 17:
485 2635 680 2702 collaudatur
711 2636 1011 2704 acarthaecnsibus
1043 2637 1227 2724 Φιλόθηρος
1257 2635 1463 2721 Ἀντιφάνους

336 2734 473 2822 Ἃλιεύς,
510 2739 734 2826 [τετ]αγμένος
764 2741 824 2806 ὑπὸ
852 2744 906 2806 τὸν
937 2739 1070 2828 βασιλέα
1100 2739 1300 2826 Πτολεμαῖον
1310 2739 1348 2823 ³).
1402 2737 1463 2819 Qui

336 2839 431 2908 fuerit
445 2842 499 2908 ille
515 2842 714 2909 Ptolemaeus
730 2863 791 2910 nen
807 2845 937 2910 constat.
982 2843 1106 2910 Boeckh
1121 2843 1335 2909 Ptolemaeum
1352 2841 1461 2908 Phila-

338 2944 486 3028 delphum
528 2946 682 3012 intellexit
726 2947 814 3030 eique
858 2947 1022 3024 tributum,
1067 2946 1149 3030 qued
1192 2965 1222 3013 v.
1266 2946 1287 3008 4
1331 2946 1463 3012 coniecit

338 3043 574 3134 ([χρημά]των),
606 3067 736 3131 pensum
767 3068 834 3114 esee
866 3049 953 3114 dixit.
1011 3048 1188 3133 Droysen⁴l
1221 3049 1265 3114 eie
1294 3047 1461 3114 iudicavit:

338 3150 398 3225 „eb
421 3150 472 3216 die
496 3150 644 3217 Inschriit
664 3170 724 3217 von
747 3151 840 3231 Keos,
864 3153 979 3218 welche
1001 3173 1059 3220 von
1091 3152 1240 3220 Tributen
1273 3171 1312 3218 an
1334 3153 1462 3236 Aegyp-

337 3252 390 3317 ten
414 3254 541 3338 spricht,
565 3255 597 3319 in
629 3253 678 3319 die
708 3254 776 3320 Zeit
810 3256 864 3321 des
897 3257 1025 3322 aweiten
1058 3255 1259 3322 Ptolemaiou
1279 3254 1397 3340 gehdrt,
1420 3255 1463 3320 iet

338 3354 424 3420 nicht
446 3356 680 3443 ausgemacht.“
725 3357 772 3422 De
794 3357 974 3425 Ptolemaeo
993 3359 1119 3442 quidem
1136 3359 1275 3442 Dreysen
1297 3377 1358 3423 nen
1381 3357 1462 3424 male

440 3629 466 3696 1)
484 3629 588 3685 Exstat
606 3630 718 3697 quidem
736 3631 836 3686 titulus
854 3629 895 3697 (G.
915 3631 940 3686 J.
960 3631 992 3686 G.
1011 3648 1038 3687 n.
1057 3631 1126 3688 2272
1137 3634 1268 3689 :hebes
1286 3633 1311 3686 Π
1329 3633 1406 3702 1773)
1424 3648 1463 3688 cx

338 3711 406 3766 lisia
432 3713 462 3767 in
480 3713 610 3782 Angliam
629 3715 792 3780 translatus,
819 3730 903 3783 quem
919 3715 1038 3772 Boeclxh
1055 3718 1144 3774 Deliis
1162 3721 1261 3784 titulis,
1289 3720 1379 3775 lebas
1399 3719 1462 3774 Oeie

339 3799 543 3854 adnumeravit.
574 3801 664 3856 hebes
683 3802 785 3868 quibus
806 3804 899 3858 causis
923 3805 1069 3872 permotus
1087 3806 1141 3860 hee
1162 3807 1269 3871 fecerit,
1288 3808 1462 3875 ignoremus.

338 3883 476 3952 Equidem
493 3885 607 3940 titulum
626 3887 662 3941 ad
679 3888 801 3943 insulam
818 3888 921 3944 Delum
939 3891 1045 3945 referre
1066 3892 1181 3946 minime
1199 3892 1306 3948 dubito.

440 3971 467 4039 2)
486 3971 519 4026 cf.
538 3971 674 4037 Homelle,
692 3971 765 4028 Bull.
785 3975 820 4029 de
838 3973 915 4030 Oorr.
934 3975 1004 4030 Hell
1023 3976 1061 4030 lv
1083 3976 1170 4046 (1880)
1189 3993 1215 4046 p.
1235 3977 1288 4033 320
1305 3992 1364 4047 sq.;
1390 3979 1462 4034 Hau·

338 4054 571 4122 vetto-Beanault,
590 4058 656 4113 ibid.
674 4058 725 4113 Vll
743 4058 831 4128 (1883)
849 4075 875 4127 p.
894 4061 911 4115 5
929 4074 987 4129 eq.;
1023 4060 1173 4127 Schneider,
1191 4064 1234 4118 De
1252 4064 1317 4118 Deli
1333 4065 1387 4120 ins.
1405 4065 1462 4119 reb.

339 4155 364 4210 p.
384 4142 417 4197 91
436 4157 477 4211 eq.
1010 4172 1012 4181 ι

441 4227 468 4297 3)
488 4229 521 4284 cf.
539 4229 676 4295 Homolle,
703 4232 721 4286 l.
739 4233 757 4286 l.
776 4247 802 4301 p.
821 4233 888 4288 322:
919 4234 972 4298 „Le
998 4236 1066 4290 titre
1094 4236 1129 4290 de
1155 4237 1319 4305 τεταγμένος
1344 4237 1394 4290 ὑπὸ
1419 4239 1463 4291 τὸν

338 4309 452 4375 βασιλέα
471 4327 503 4368 se
520 4317 670 4371 renecntre
688 4331 769 4372 assez
787 4318 992 4386 frequemment
1011 4321 1079 4376 etc.“

441 4398 468 4466 4)
486 4398 625 4469 Dreyseu,
645 4400 746 4457 Geeeh.
765 4403 790 4457 d.
809 4403 878 4458 Hell.
896 4403 944 4457 111²
963 4405 978 4459 1
996 4419 1021 4472 p.
1040 4406 1091 4461 329
1108 4407 1167 4462 not.
1186 4409 1210 4462 1.
