3322 5302
880 469 923 534 86

343 675 389 738 De
411 674 516 758 legum
539 674 645 740 formis
668 691 729 740 nnn
751 674 888 740 multum·
917 673 1015 739 habeo
1048 673 1130 755 quod
1161 674 1272 738 dicam.
1317 673 1470 741 Sueboda

341 778 387 863 (p.
403 775 474 853 ,239
496 776 555 861 sq.)
577 779 660 842 reete
685 777 798 856 docuit,
821 775 899 842 nihil
920 775 1070 842 interesse
1092 775 1173 840 inter
1187 775 1309 840 insulae
1324 775 1469 858 psephis-

343 881 429 948 mata
450 881 483 964 et
503 880 603 964 leges
644 879 800 962 Incipiunt
821 879 906 963 leges
929 897 947 942 a
969 878 1136 944 sanctionis
1159 879 1294 944 formula
1316 875 1402 956 ἔδοξε
1423 887 1468 964 τῇ

343 983 443 1070 βουλῇ
467 985 523 1048 aeri
545 989 589 1067 τῷ
612 982 701 1068 δήμῳ
714 981 739 1066 ¹)
762 983 826 1068 (vel
847 991 887 1066 τῇ
911 980 1071 1066 ἐκκλησίᾳ
1087 1009 1128 1038 =
1144 1002 1174 1046 n.
1197 981 1240 1044 34
1263 979 1305 1065 e),
1329 980 1471 1063 sequitur

343 1085 453 1152 deinde
474 1085 524 1150 lex
544 1085 622 1168 ipsa,
647 1084 777 1168 denique
800 1085 857 1152 sub
879 1083 995 1150 exitum
1017 1083 1068 1149 lex
1082 1083 1138 1148 illa
1152 1083 1249 1165 lapidi
1264 1082 1360 1148 incidi
1375 1083 1470 1165 atque

343 1187 467 1270 publice
487 1187 617 1269 proponi
638 1186 773 1252 iubetur.
818 1185 866 1252 De
887 1186 1048 1252 locationis
1078 1185 1200 1268 legibus
1231 1184 1313 1250 infra
1343 1185 1469 1250 uberius

272 1325 275 1330 ·
345 1290 509 1358 dicendum
531 1289 600 1355 erit.

447 1395 473 1460 Ε
495 1393 634 1460 Romans
656 1391 758 1458 aetate
780 1391 868 1456 nulle
889 1391 952 1456 alie
972 1391 1095 1456 decreta
1116 1390 1267 1456 habemus
1290 1389 1352 1456 nisi
1371 1391 1469 1464 trono·

343 1496 440 1574 ritica,
463 1515 561 1579 neque
584 1496 747 1578 quisquam
770 1493 850 1565 elius
879 1493 1046 1562 honoratur
1078 1493 1138 1558 nisi
1168 1493 1322 1574 principes
1346 1509 1469 1556 eorum-

345 1618 404 1681 que
419 1599 556 1665 familiae
569 1623 577 1676 ;
592 1615 669 1680 quos
685 1597 823 1678 singulos
839 1615 1017 1662 enumerare
1033 1596 1113 1673 nolo,
1131 1615 1203 1660 eum
1218 1614 1310 1677 supra
1322 1593 1409 1678 (Cap.
1423 1593 1469 1676 ΙΙ)

345 1703 469 1768 uberius
493 1701 530 1766 de
552 1701 590 1766 iis
613 1699 751 1766 dixerim.

554 2273 556 2278 ,
624 2173 665 2244 3.
707 2176 779 2244 De
802 2171 1181 2284 magistratibus

451 2342 619 2427 speretur
641 2341 675 2404 δὲ
698 2343 753 2406 καὶ
774 2339 1010 2425 γυμνασίαρχον
1041 2343 1108 2427 ἅμα
1132 2349 1200 2417 ταῖς
1222 2340 1335 2417 ἄλλαις
1358 2341 1474 2425 ἀρχαῖς

338 2447 392 2531 pt
414 2443 563 2528 νεώτερον
586 2443 754 2528 τριάκοντα
776 2443 857 2508 ἐτῶν
888 2445 932 2528 (n.
955 2443 998 2507 66
1029 2463 1059 2509 n.
1090 2443 1145 2528 21)
1179 2444 1256 2510 haec
1286 2444 1379 2510 verbe
1410 2445 1481 2508 une¹

292 2599 294 2604 .
347 2565 420 2612 com
442 2547 491 2624 iis,
525 2563 603 2628 quae
640 2546 762 2610 exstant
783 2546 815 2610 in
848 2545 898 2612 tit.
930 2563 961 2610 a.
993 2545 1036 2609 38
1066 2565 1095 2614 v.
1126 2546 1201 2613 uer
1226 2545 1265 2610 17
1297 2549 1368 2623 τοὺς
1390 2546 1474 2631 ertpe-

345 2647 463 2726 *senece
486 2649 518 2714 et
539 2645 621 2731 ἄρξω
643 2647 720 2732 τὴ[ν
742 2648 862 2733 &expio
886 2645 958 2734 [isso
979 2648 1100 2733 ᾕρημαι
1120 2649 1231 2714 docent
1246 2649 1278 2714 in
1292 2650 1396 2715 insule
1411 2649 1474 2716 Ceo

347 2751 551 2835 magistratus
572 2767 631 2814 non
656 2750 736 2814 sorte
759 2750 883 2826 electos,
910 2749 964 2814 sed
985 2769 1091 2816 omnes
1122 2751 1154 2815 in
1178 2751 1395 2816 anniversariis
1417 2751 1473 2835 ἀρ-

347 2853 518 2940 χαιρεσίαις
540 2853 695 2937 suffragiis
717 2855 836 2918 creatos
859 2871 935 2931 esse,
968 2852 1001 2918 id
1034 2852 1116 2935 quod
1149 2871 1248 2936 nuper
1278 2853 1433 2920 Schoeffer
1444 2853 1472 2935 ²)

346 2956 443 3022 etiam
479 2956 517 3021 de
551 2955 627 3020 Delo
658 2954 891 3020 demonstravit.
945 2955 992 3019 Ex
1022 2955 1134 3020 iisdem
1165 2957 1230 3021 illis
1260 2957 1373 3036 verbis,
1396 2974 1473 3039 quos

347 3059 448 3142 primo
490 3059 559 3124 loco
603 3058 719 3137 attuli,
763 3060 920 3141 praeterea
964 3059 1061 3124 etiam
1104 3059 1252 3145 colligere
1296 3079 1472 3143 possumus,

349 3161 426 3228 Ceos
449 3162 529 3227 sicut
551 3162 757 3229 Athenienses
779 3162 998 3246 magistratum
1028 3163 1106 3227 inire
1136 3181 1196 3229 non
1231 3164 1370 3246 potuisse
1401 3163 1472 3228 ante

342 3265 543 3350 ‚trigesimum
566 3267 679 3332 aetatis
711 3285 844 3343 annum3
877 3265 1020 3330 similiter
1050 3265 1133 3330 haud
1166 3266 1259 3331 dubio
1291 3265 1345 3331 Cei
1375 3285 1474 3350 neque

349 3371 506 3437 senatores
529 3389 627 3453 neque
649 3370 766 3436 iudices
789 3370 857 3436 fieri
879 3388 939 3434 non
962 3368 1105 3451 poterant
1127 3369 1187 3433 nisi
1210 3370 1370 3454 trigesimo
1394 3387 1474 3434 anno

342 3475 464 3540 *exacto
1288 3477 1289 3482 ’

451 3575 656 3658 Magistratus
679 3573 810 3640 Ceorum
833 3593 904 3638 oum
926 3592 1039 3640 munus
1054 3574 1185 3653 inibant,
1202 3575 1283 3640 sicut
1298 3574 1374 3640 alibi
1388 3573 1474 3638 iura-

349 3677 427 3742 bant
448 3677 480 3740 in
502 3676 600 3760 leges.
650 3675 737 3743 Juris
759 3676 880 3743 iurandi
903 3675 1111 3759 fragmentum
1134 3677 1223 3742 nobis
1246 3677 1404 3744 servatum
1425 3676 1475 3741 est

349 3779 383 3848 in
405 3778 592 3846 Jurietamm
613 3781 665 3846 ti.
687 3799 717 3846 n.
739 3777 782 3843 38
804 3799 833 3846 u.
867 3779 907 3844 15
933 3798 997 3863 sq.:
1032 3782 1103 3856 τοὺς
1125 3778 1374 3864 arpenna...
1400 3775 1475 3863 ὀμό·

456 4054 481 4125 1)
500 4071 526 4110 n.
545 4055 580 4110 34
597 4069 612 4108 a
630 4055 787 4110 sanctionis
805 4055 928 4110 formula
945 4055 1033 4118 deest,
1048 4053 1099 4108 sed
1115 4054 1230 4118 Kthlen
1248 4054 1338 4108 Mitth.
1355 4054 1368 4107 1
1386 4053 1476 4122 (1870)

350 4157 377 4210 p.
396 4142 447 4196 147
465 4155 505 4209 sq.
525 4143 632 4210 optime
649 4141 753 4205 docuit,
771 4153 944 4197 nonnouem
962 4154 1025 4194 esse
1043 4140 1117 4196 hauc
1127 4141 1228 4208 legem,
1247 4154 1319 4208 quae
1330 4140 1377 4194 hic
1389 4140 1477 4208 lapidi

350 4228 468 4284 inscribi
494 4228 632 4292 iubeatur,
660 4229 711 4284 sed
737 4242 811 4296 queo
839 4227 897 4282 iem
922 4227 1031 4294 pridem
1049 4227 1107 4281 lata
1124 4227 1179 4290 sit;
1197 4241 1224 4280 n.
1243 4227 1278 4280 34
1296 4229 1311 4279 t
1330 4227 1359 4280 et
1377 4240 1392 4278 e
1410 4227 1478 4280 sunt

350 4313 429 4382 leges
448 4313 607 4370 additiciae.

456 4399 483 4468 2)
501 4399 652 4466 Schoeffer,
670 4400 713 4455 De
731 4400 795 4454 Deli
812 4401 865 4454 ins.
884 4400 942 4454 reb.
960 4413 987 4466 p.
1006 4399 1057 4452 130
1075 4412 1116 4465 sq.
