3336 5314
775 451 818 516 39

234 654 404 738 11111111).
440 657 576 722 Julietae
600 636 712 722 deinde
728 657 867 724 Athenas
892 655 1025 740 quinque
1047 657 1167 741 legatos
1199 659 1363 736 miserunt,
1440 659 1442 663 ’

234 759 405 841 exquibus
428 759 488 825 duo
511 761 599 825 erant
622 758 762 842 strategi.
806 757 907 838 „dum
930 759 978 824 his
1001 761 1106 824 actum
1128 759 1166 824 de
1199 760 1238 824 iis
1260 761 1361 835 rebus,

234 879 313 943 quae
345 860 455 925 deinde
485 861 524 926 ab
547 859 770 944 Aristophonte
801 860 840 926 ad
870 861 1020 944 populum
1042 861 1125 926 latae
1149 863 1238 926 sunt:
1277 862 1310 943 1)
1332 881 1362 926 1.

206 993 210 1000 -
234 963 341 1030 5-17
363 964 472 1030 civitas
494 963 683 1030 Julietarum
705 963 947 1030 Atheniensibus
970 963 1117 1046 pecunias
1140 963 1261 1028 debitas
1292 983 1362 1047 per·

235 1067 352 1132 soluere
373 1066 508 1145 iubetur,
531 1065 565 1146 2)
587 1084 618 1130 v.
642 1063 768 1130 17-27
791 1066 987 1149 praecipitur,
1021 1066 1056 1129 nt
1077 1064 1184 1130 foedus
1207 1069 1279 1146 post
1300 1068 1362 1150 pri-

234 1189 318 1236 mam
340 1169 542 1238 defectionem
565 1171 683 1236 facturn
705 1190 776 1237 eum
797 1172 874 1238 iuris
896 1171 1019 1236 iurandi
1040 1171 1181 1236 formulis
1205 1172 1236 1235 et
1257 1169 1363 1236 Julide

234 1275 266 1340 et
287 1273 420 1338 Athenis
450 1273 549 1357 lapidi
577 1269 762 1358 inscriptum
784 1276 984 1358 proponatur.
1028 1274 1062 1356 3)
1085 1293 1115 1339 v.
1138 1272 1363 1340 27-490011-

234 1376 384 1456 stitutus,
409 1377 445 1440 ut
467 1376 521 1458 qui
544 1377 672 1442 alterius
694 1377 872 1443 rebellionis
894 1377 1062 1461 participes
1086 1377 1210 1455 luerint,
1244 1377 1363 1462 exsules

235 1479 298 1543 sint
328 1479 469 1560 bonaque
501 1497 606 1544 eornm
637 1479 844 1561 publicentur.
888 1480 922 1558 4)
944 1499 974 1545 v.
997 1478 1126 1543 49-56
1149 1479 1364 1545 collaudantur
1393 1471 1396 1492 ¹

234 1583 287 1666 qui
316 1602 373 1665 per
403 1582 460 1647 has
492 1583 601 1648 turbas
632 1584 665 1648 in
695 1583 757 1650 fide
779 1584 1017 1651 Atheniensium
1048 1587 1231 1650 manserunt
1262 1583 1363 1666 iisque

230 1684 342 1750 utilem
358 1703 486 1768 operam
500 1687 722 1768 praestiterunt
732 1686 789 1770 ²).“
829 1685 976 1771 Singulas
990 1706 1051 1765 res,
1069 1706 1139 1752 cum
1153 1707 1208 1770 per
1231 1705 1263 1752 se
1286 1687 1363 1754 satis

233 1789 414 1872 perspicuas
437 1789 509 1868 sint,
533 1809 593 1855 non
613 1793 661 1856 est
675 1789 757 1874 quod
772 1790 913 1873 phnibus
929 1793 1108 1874 exponam
1134 1789 1178 1854 At
1200 1809 1271 1856 vcro
1288 1790 1363 1856 duas

234 1911 284 1957 res
305 1894 397 1974 paulo
417 1893 593 1958 accuratius
614 1893 836 1976 perspiciamus
858 1911 983 1958 necesse
1006 1895 1063 1958 est.
1178 1965 1182 1972 ,

337 1995 385 2060 Ac
407 1995 542 2077 primurn
566 1994 690 2078 quidem
713 1997 880 2077 quaeritur,
904 2015 982 2078 qnae
999 1995 1114 2061 fuerint
1128 1997 1275 2079 pecuniae
1290 1997 1363 2062 11111

235 2095 366 2176 debitae,
391 2099 429 2164 de
452 2099 562 2181 quibus
585 2099 637 2163 hic
659 2099 771 2181 agitur.
810 2099 857 2163 De
880 2099 1019 2181 pecuniis
1041 2098 1105 2164 illis
1127 2099 1161 2163 in
1179 2099 1272 2163 titulo
1287 2099 1365 2164 haec

234 2199 385 2284 legimus:
420 2199 490 2284 τρία
513 2201 656 2266 τάλαντα
680 2204 720 2265 τὰ
742 2203 781 2266 ἐκ
804 2211 859 2266 τοῦ
881 2201 1087 2287 lopertum
1109 2201 1256 2286 ἀργυρίου
1279 2203 1364 2266 κατὰ

234 2305 270 2366 τὸ
300 2303 450 2390 ψήφισμα
484 2313 539 2368 τοῦ
578 2305 679 2390 δήμου
710 2314 765 2368 τοῦ
798 2303 993 2390 Ἀθηναίων,
1027 2303 1234 2382 δΜενέξενος
1264 2306 1361 2369 eleseu.
1450 2317 1453 2323 '

233 2405 370 2473 Koehler
390 2409 456 2474 11111
480 2407 517 2473 de
538 2407 669 2474 residuis
692 2407 819 2474 tributis
842 2407 918 2474 haec
940 2409 1024 2473 dicta
1046 2427 1114 2474 esse
1131 2409 1262 2475 coniecit
1277 2427 1363 2473 eum-

234 2527 292 2591 que
315 2528 423 2578 omnes
446 2510 509 2577 fere
524 2512 623 2577 secuti
639 2511 721 2576 sunt.
739 2510 852 2576 Szanto
863 2511 889 2596 3)
913 2512 997 2578 solus
1012 2511 1162 2578 Koehleri
1178 2511 1364 2577 sententiam

234 2614 431 2697 impugnavit
462 2617 553 2698 atque
585 2614 731 2697 pecunias
765 2615 836 2680 illas
868 2615 959 2681 aliter
980 2615 1133 2698 explicare
1157 2615 1283 2680 conatus
1306 2614 1364 2679 est.

234 2715 332 2782 Putat
362 2717 445 2782 enim
474 2717 522 2781 vir
551 2716 605 2782 1111
629 2717 747 2797 doctus,
771 2717 1009 2783 Atheniensium
1045 2718 1180 2782 fautores
1199 2717 1242 2781 ab
1264 2717 1364 2781 Athe·

235 2819 394 2886 niensibus
427 2819 488 2884 tria
515 2819 637 2886 talenta
669 2820 779 2884 mutua
809 2820 978 2903 sumpsisse
1010 2820 1114 2903 atque,
1147 2818 1365 2885 Thebanorum

234 2922 408 2988 fautoribus
430 2922 546 3002 eiectis,
570 2921 718 3004 pecunias
733 2921 805 2988 illas
821 2922 958 2987 civitatis
969 2941 1025 3008 ¹aes
1040 2921 1177 2986 alionum
1194 2921 1364 3004 agnouisse.

234 3026 319 3108 Quae
343 3027 500 3092 sententia
520 3027 657 3111 permira
680 3029 738 3093 est.
782 3026 987 3092 Athenienses
1018 3028 1102 3092 enim
1134 3028 1161 3092 si
1191 3023 1364 3092 fautoribus

234 3133 299 3196 suis
321 3150 354 3196 re
376 3148 449 3197 vcra
471 3132 618 3214 pecunias
648 3131 721 3196 illas
752 3130 912 3210 dederuut,
944 3149 1019 3196 num
1051 3130 1218 3196 verisimile
1248 3130 1297 3194 est
1327 3128 1364 3193 de

234 3234 373 3316 pecuniis
397 3233 545 3317 cogendis
570 3252 607 3298 ea
629 3233 809 3311 decrevisse,
832 3251 910 3316 quae
932 3253 962 3298 r.
986 3233 1028 3296 10
1043 3251 1088 3315 sq.
1111 3233 1271 3315 legimus?
1294 3231 1365 3296 Mea

235 3335 364 3419 quidem
381 3336 536 3400 sententia
550 3336 707 3418 pecuniae,
733 3353 809 3416 quas
825 3336 1030 3401 Athenienses
1052 3334 1182 3416 priuatis
1200 3333 1264 3397 suis
1279 3351 1364 3397 com·

234 3438 336 3504 modis
367 3437 534 3504 servientes
567 3437 725 3516 dederant
756 3457 926 3522 numquam
956 3438 995 3504 ab
1026 3437 1138 3502 iisdem
1168 3437 1365 3502 acerbissime

235 3541 360 3606 exactae
384 3543 497 3606 essent.
541 3541 661 3608 Deinde
684 3541 787 3620 rerba,
811 3560 888 3624 quae
912 3560 1005 3625 supra
1038 3539 1198 3622 exscripsi,
1229 3538 1364 3603 dilucide

235 3641 459 3722 demonstrant,
485 3643 536 3709 hic
558 3644 619 3709 nisi
642 3643 680 3709 de
702 3644 834 3710 residuis
857 3644 984 3710 tributis
1007 3643 1139 3727 cogitari
1169 3661 1230 3708 non
1263 3659 1363 3724 posse.

236 3743 407 3812 Praeterea
429 3747 637 3814 Athenienses
659 3748 721 3832 ipsi
743 3751 906 3832 utramque
938 3747 1140 3814 rebellionem
1162 3745 1364 3823 sedaverunt;

339 3949 366 4018 1)
403 3950 544 4014 Schaefer,
571 3951 651 4006 Dem.
680 3950 703 4004 1²
730 3966 756 4020 p.
776 3952 827 4006 149
845 3966 885 4019 sq.
913 3953 942 4006 et
960 3951 1082 4014 Curtius,
1111 3949 1159 4004 Gr.
1187 3949 1289 4004 Gesch.
1317 3948 1364 4002 ΙΙΙε

235 4053 261 4107 p.
280 4039 392 4106 35411.
410 4039 564 4106 permirum
591 4039 621 4094 in
648 4040 762 4094 modum
789 4042 841 4095 has
857 4019 938 4094 'duas
965 4039 1134 4094 rebelliones
1160 4037 1362 4091 confuderunt:

237 4125 312 4193 quod
330 4125 471 4192 quomodo
488 4125 550 4179 fieri
567 4115 695 4192 potuerit
712 4139 770 4179 non
788 4125 931 4192 intellego.

339 4209 366 4278 2)
403 4209 616 4277 Dittenbergeri
646 4211 713 4264 sunt
743 4211 839 4273 verba,
868 4211 915 4278 qui
944 4223 1005 4264 rem
1032 4209 1109 4264 illam
1139 4209 1237 4276 pancls
1267 4206 1364 4260 verbis

238 4297 387 4352 commodo
406 4297 547 4364 exposuit.

339 4380 366 4450 3)
402 4382 515 4442 Scanto.
534 4383 627 4438 Wien.
646 4381 724 4437 Stnd.
739 4382 801 4438 Vlll
816 4383 883 4438 1886
901 4397 928 4451 p.
945 4384 1016 4450 3sq.
1035 4382 1069 4436 cf.
1088 4381 1162 4436 infra
1175 4380 1240 4448 Cap.
1255 4379 1292 4432 ΙΙΙ
1310 4379 1364 4444 55.
