3336 5314
762 492 806 556 29

223 695 322 780 Supra
352 695 416 762 dixi
446 696 643 772 Herodotum¹
671 697 879 764 narrationem
915 711 1002 764 suam
1016 696 1064 762 ad
1086 697 1245 768 oraculum
1266 698 1347 766 illud

223 789 447 876 conformasee'3
480 797 652 883 Cynosurae
684 799 863 874 manifesto·¹
883 819 920 864 cx
950 799 1075 866 vorarculo
1107 800 1257 882 sumpsit,
1292 801 1348 866 seri

223 903 319 968 etiam
341 902 379 968 dc
400 902 528 984 reliquis
550 903 608 968 hoc
630 903 762 996 probare·
781 918 956 985 possumus.
979 902 1089 968 Verbis
1112 904 1194 968 enim
1217 901 1347 988 ,Ἀρτέ-

224 1003 308 1089 μιδος
330 1004 435 1088 ἀκτή“
462 1004 600 1078 dilucide
631 1005 825 1088 significatur
856 1024 893 1070 ea
923 1024 994 1072 orac
1016 1005 1140 1072 Atticae
1163 1025 1244 1087 pure,
1267 1025 1348 1088 quae

223 1107 304 1172 inter
335 1107 443 1189 portus
477 1105 559 1179 Ζὲαν
578 1109 622 1182 ¹et
653 1107 862 1191 Munychiam·
893 1107 953 1175 sita
975 1106 1088 1190 erat¹).
1132 1107 1241 1189 Itaque
1264 1108 1348 1189 aput

223 1209 418 1276 Herodotum
439 1211 495 1274 aut
519 1211 597 1294 „sps
612 1208 713 1274 Ztur‘*
729 1209 936 1289 scribendum
959 1208 1111 1291 estquod
1136 1211 1244 1292 postea
1261 1213 1345 1291 (cum

222 1311 325 1376 insula
356 1309 446 1386 Κὲως
476 1310 566 1377 hodie
584 1310 664 1382 ΔΖὲοι
687 1312 837 1395 uocetur),-
868 1312 972 1378 neseio
1005 1329 1106 1393 aquo
1126 1311 1159 1376 in
1182 1312 1240 1394 τὴν
1262 1310 1349 1376 Κέον

223 1415 272 1480 eet
292 1403 495 1486 immutatum
515 1450 559 1466 --
582 1416 637 1480 aut
658 1415 753 1482 uerba
778 1416 856 1500 „cypr
879 1413 981 1478 Κέον“
1007 1415 1091 1480 reete
1126 1414 1242 1480 tradita
1275 1417 1349 1479 eunt

223 1518 315 1598 atquo
345 1517 596 1598 promunturium
629 1517 709 1582 illud
743 1517 825 1584 inter
855 1517 948 1584 Zeam
970 1517 1005 1586 et:
1023 1516 1225 1600 Munychiam
1248 1518 1347 1600 signi·

222 1617 327 1684 ficant.
1211 1653 1213 1658 ,
1322 1631 1324 1636 '

272 1789 275 1796 ,
328 1721 438 1788 Graeci
460 1724 498 1789 ab
517 1721 656 1788 Aristide
680 1722 711 1787 et
726 1722 822 1788 Terin
844 1740 920 1788 nave
944 1722 1089 1788 certiores
1112 1722 1187 1788 lacti
1209 1739 1350 1805 pugnare

226 1823 434 1903 decreverunt,
460 1827 552 1908 atque
574 1826 675 1908 prima
696 1825 765 1890 luce
788 1824 1072 1906 septemtrionalem
1095 1825 1197 1890 sinum
1214 1823 1348 1891 Salami-

226 1927 312 1992 nium
334 1927 533 2010 reliquerunt.
568 1929 680 2001 Persae
704 1929 809 1994 autem
830 1929 862 1992 iu
885 1924 1000 1992 fretum
1015 1926 1219 1994 Salaminium
1243 1929 1349 1994 invehi

224 2031 400 2110 coeperunt.
445 2029 533 2110 Quod
556 2029 666 2096 Graeci
688 2049 759 2096 cum
782 2029 1086 2108 animadvertissent.
1110 2031 1245 2113 primum
1268 2050 1348 2113 pau·

224 2131 290 2196 lum
325 2133 527 2210 recesserunt,
549 2151 620 2197 mox
653 2134 758 2196 autem
791 2150 861 2198 cum
883 2131 987 2198 Persis
1011 2134 1231 2200 concurrerunt
1253 2133 1347 2214 atque

224 2233 463 2316 pulcherrimam
500 2235 589 2300 illam
611 2234 772 2300 victoriam
795 2236 1038 2316 reportaverunt.
1083 2235 1129 2300 De
1152 2253 1257 2317 pugna
1278 2235 1350 2316 ipsa

223 2354 283 2402 non
307 2337 355 2406 est
376 2336 459 2418 quod
480 2337 621 2419 pluribus
644 2337 758 2402 dicam.
804 2335 872 2402 Hoc
896 2353 992 2402 unum
1013 2337 1196 2416 monuerim,
1213 2337 1349 2402 falsissi-

223 2457 273 2506 me
289 2441 430 2506 Grotium
454 2442 681 2523 maximamque
703 2440 839 2506 virorum
856 2439 1017 2504 doctorum
1033 2441 1152 2522 partem
1168 2439 1349 2522 coniecisse,

225 2543 335 2608 Persas
370 2545 459 2610 nnete
492 2545 594 2610 totum
625 2543 739 2608 fretum
763 2541 971 2610 Salaminium
994 2560 1171 2624 occupasse.
1217 2543 1350 2608 Minime

225 2645 308 2710 enim
329 2646 405 2710 haee
428 2647 603 2712 coniectura
625 2645 783 2728 probanda
806 2648 870 2710 est:
896 2665 967 2710 nam
993 2646 1023 2728 1)
1048 2646 1174 2728 propter
1195 2645 1267 2710 freti
1291 2665 1346 2710 an-

224 2749 344 2832 gustias
359 2747 471 2814 Pareae
488 2747 621 2816 Graecos
644 2748 752 2814 furum
767 2765 866 2830 neque
880 2747 1071 2830 praetervehi
1093 2765 1192 2829 neque
1214 2747 1350 2812 circum·

225 2850 336 2920 sistere
358 2850 509 2934 poterant,
533 2849 567 2931 2)
583 2851 707 2933 propter
728 2850 800 2916 irati
821 2850 1030 2934 ignorantiam
1053 2849 1167 2916 Persas
1190 2868 1250 2914 uon
1272 2849 1350 2932 puto

225 2955 313 3019 nocte
335 2954 366 3018 in
389 2953 504 3019 fretum
524 2953 661 3018 invectos
684 2973 761 3032 esse,
794 2953 828 3037 3)
852 2952 963 3019 Graeci
998 2954 1025 3018 si
1056 2952 1351 3018 animadvertissent

224 3057 336 3124 Persae
358 3057 472 3124 fretum
494 3058 712 3142 ingredientes,
729 3059 811 3124 certe
833 3077 889 3140 per
912 3058 1015 3124 einum
1030 3056 1225 3122 Eleusiniam
1248 3055 1350 3140 iugis·

227 3163 312 3238 sarm
329 3161 547 3228 Themistoclis
561 3162 725 3228 consilium
740 3180 813 3241 ergo
829 3161 953 3226 irritum
969 3161 1051 3226 esset
1066 3160 1194 3235 factum,
1214 3147 1249 3241 ’4)
1266 3160 1351 3225 The·

226 3265 383 3329 mistncles
406 3283 467 3328 non
490 3283 525 3328 ea
549 3264 615 3327 erat
637 3262 881 3344 stupiditatem
902 3262 1014 3328 Pereae
1036 3261 1137 3328 totum
1160 3261 1274 3324 fretum
1297 3279 1350 3326 oc·

226 3384 338 3447 cupere
360 3366 491 3430 sineret:
531 3354 642 3430 Graeci
664 3365 747 3428 enim
770 3364 815 3428 sic
837 3364 965 3428 minime
988 3382 1020 3428 se
1043 3379 1234 3428 commouere
1257 3364 1351 3444 potu-

225 3469 332 3547 issent,
367 3468 400 3549 5)
433 3468 548 3532 Persae
575 3467 611 3532 in
644 3466 760 3532 fretum
783 3465 810 3532 ei
833 3466 937 3532 essent
958 3464 1098 3549 ingressi,
1123 3463 1348 3530 Themistocles

226 3574 309 3640 carte
331 3609 371 3620 -
395 3591 432 3638 ne
455 3571 556 3638 dicum
579 3569 690 3638 Graeci
710 3607 754 3620 -
775 3570 808 3636 id
829 3570 1110 3636 animadvertisset.
1148 3567 1278 3634 Constat
1292 3588 1350 3634 au·

330 3811 372 3880 12)
391 3813 434 3867 De
451 3814 536 3880 portu
554 3807 609 3862 Ζέα
628 3811 662 3866 cf.
685 3812 766 3878 impr.
785 3810 904 3874 Ulriche,
932 3810 1036 3864 Reisen
1054 3823 1080 3862 u.
1099 3809 1215 3863 Forsch.
1234 3809 1257 3862 ll
1274 3808 1352 3862 Berl.

227 3898 295 3952 1863
320 3899 415 3966 p.171
435 3913 475 3965 sq.
503 3898 536 3952 cf.
555 3898 675 3966 Hesych.
704 3911 725 3952 s.
744 3912 770 3951 v.
790 3893 856 3965 Zs'a,
876 3893 1007 3965 ἡἝκάτη
1033 3895 1105 3962 παρὰ
1123 3891 1280 3963 Ἀθηναίοις,
1307 3893 1351 3945 καὶ

225 3982 267 4043 εἷς
289 3989 341 4037 τῶν
369 3985 397 4036 ἐν
425 3981 546 4050 Πειραιεῖ
569 3984 687 4047 λιμένων.
735 3983 900 4047 „vielleieht
927 3982 1010 4036 stand
1037 3995 1074 4035 nn
1101 3981 1208 4034 diesem
1234 3979 1351 4043 anen‘,

226 4072 318 4140 inquit
333 4071 452 4134 Ulriche,
473 4071 534 4133 ,ein
545 4070 718 4137 Heiligthum
736 4070 786 4123 der
804 4069 859 4123 Zea
870 4068 1001 4132 Artemis,
1019 4067 1074 4120 wie
1092 4066 1163 4120 iiber
1180 4066 1243 4120 dem
1260 4065 1352 4120 Helen

226 4157 378 4225 Monychia
395 4157 445 4210 dne
463 4155 637 4222 Heiligthum
664 4155 714 4208 ter
740 4154 892 4222 Monychia
914 4153 1061 4207 Artemis.“
1100 4151 1200 4206 Utrum
1228 4152 1283 4205 duo
1310 4151 1352 4205 ihi

226 4243 331 4298 luerint
357 4243 463 4310 templa
488 4238 651 4308 Ἀρτέμιδος,
679 4255 716 4294 au
742 4255 829 4294 unum
858 4239 933 4307 quod
967 4241 995 4293 et
1022 4238 1190 4306 Munychlae
1221 4239 1250 4290 et
1278 4237 1352 4290 Zeae

225 4325 381 4395 Ἀρτέμιδος
396 4329 434 4382 srt
452 4328 566 4391 dictum,
585 4326 738 4380 thudicare
755 4337 814 4380 non
831 4339 1000 4394 possumus:
1028 4324 1158 4392 equiuem
1171 4336 1259 4376 unum
1281 4324 1354 4376 tem·

225 4413 303 4480 plum
320 4414 360 4468 lbi
377 4414 465 4468 misse
484 4414 612 4468 dixerim.
