3322 5302
717 474 761 539 83

178 685 209 748 in
233 681 413 749 civitatibus
434 679 553 748 donioir
575 669 671 746 verbo
691 679 865 764 προστάται
889 695 1043 762 nusquam
1064 677 1231 760 significari
1254 695 1304 742 se-

179 779 323 850 natorum
348 784 479 866 partem,
510 785 602 866 quam
624 782 766 848 didimus
800 781 1126 858 „Ratnsaussehussm
1160 779 1305 846 similiter

181 887 362 972 προστάτης
377 895 434 970 τῆς
449 885 565 972 βουλῆς
578 903 633 968 pro
656 884 828 971 ἐπιστάτης
851 883 911 949 nisi
934 885 966 948 iu
983 883 1162 949 civitatibus
1184 883 1305 948 Doriois

180 1008 242 1054 non
263 989 428 1055 inuenitur.
472 988 543 1052 Nou
566 988 647 1053 reete
681 989 778 1071 igitur
808 986 930 1053 Giibert
959 987 1148 1054 dulietarum
1171 985 1306 1069 προστά-

182 1114 250 1170 ταις
270 1095 436 1178 prptanum
458 1091 561 1157 olfieia
593 1092 767 1174 adscripsit.
822 1091 1010 1158 Julietarum
1045 1107 1116 1174 ergo
1150 1087 1307 1172 praesides

183 1195 345 1280 πρυτάνεις
375 1195 635 1278 appellabantur;
667 1194 721 1260 sed
754 1195 909 1259 fuerintne
940 1193 1098 1273 praesides
1132 1193 1180 1257 iili
1203 1191 1318 1268 annui,¹

183 1299 264 1364 siout
285 1297 368 1380 apud
391 1297 540 1374 Coresios,
564 1316 603 1363 an
632 1297 771 1362 virissim
802 1297 928 1362 senatus
958 1295 1085 1380 negotia
1107 1294 1308 1361 administra-

183 1400 293 1477 verint,
318 1401 399 1466 sieut
420 1399 562 1478 Athenis,
586 1399 713 1465 minime
736 1399 898 1465 diiudicari
920 1398 1034 1481 potest.
1086 1396 1238 1464 Similiter
1260 1399 1310 1462 at-

184 1521 243 1585 que
266 1502 401 1568 Julietas
425 1501 624 1584 Coresiosque
646 1503 742 1567 etiam
765 1502 985 1568 Carthaaenses
1001 1499 1215 1583 Poiessiosque
1237 1500 1309 1587 βου-

185 1605 246 1689 λῆς
266 1603 424 1687 praesides
446 1603 591 1669 habuisse
623 1605 689 1668 sine
719 1604 785 1669 ulla
818 1604 1011 1670 dubitatione
1045 1603 1308 1682 confirmaverim

117 1789 119 1792 Ι
186 1707 243 1774 sed
265 1707 344 1772 nihil
367 1708 404 1772 de
426 1707 484 1772 hae
505 1726 539 1772 re
561 1707 728 1772 memoriae
750 1708 798 1772 est
819 1707 981 1773 traditum.

292 1809 437 1893 Sigillum
460 1809 622 1892 publicum
637 1809 675 1875 iis
690 1811 874 1876 mandatum
891 1811 987 1875 luisse
1003 1809 1150 1874 dissimus
1167 1827 1203 1875 ex
1217 1809 1311 1875 titulo

187 1931 279 1996 quem
303 1931 396 1996 supra
418 1911 529 1990 attuli3
551 1912 709 1977 habebant
731 1929 821 1995 porro
843 1913 988 1995 prytanes
1012 1911 1078 1977 sine
1101 1909 1194 1977 dubio
1217 1911 1312 2000 otiam

187 2018 288 2083 claves
312 2017 439 2082 aerarii:
471 2017 590 2098 reliqua
621 2017 724 2082 omnia
745 2019 935 2099 ignoramus.
967 2015 1166 2082 ‘Sonaeulum
1197 2035 1312 2096 eorum,

187 2127 373 2204 πρυτανεῖον
395 2119 610 2201 appellabatur
633 2121 676 2202 (n.
696 2117 758 2182 128
779 2139 809 2184 v.
828 2117 860 2198 6,
882 2116 934 2198 24,
958 2116 1024 2202 34).
1062 2117 1319 2183 Convivabantur·

189 2222 227 2287 de
249 2221 374 2303 publioo
396 2221 428 2284 in
450 2219 624 2303 πρυτανείῳ
646 2220 702 2285 illo
725 2239 785 2286 non
809 2221 908 2286 solum
932 2221 1090 2303 prytanea
1121 2220 1174 2302 qui
1196 2220 1240 2285 ibi
1263 2239 1314 2287 eo-

188 2323 265 2388 tidie
288 2322 448 2400 sonabant,
480 2322 534 2388 sed
565 2322 659 2388 etiam
691 2323 745 2387 alii
777 2324 809 2388 ot
830 2323 998 2406 peregrini
1019 2323 1051 2387 et
1072 2322 1154 2386 cives
1176 2322 1254 2388 bene
1277 2324 1314 2390 de

189 2425 349 2509 republica
370 2425 497 2508 meriti,¹
518 2427 571 2508 qui
592 2426 715 2492 honoris
748 2445 842 2491 eausa
872 2426 995 2491 invitati
1026 2423 1161 2509 erant¹).
1206 2425 1317 2492 Additi

191 2530 278 2594 erant
299 2529 493 2594 senatoribus
516 2529 616 2594 scriba
639 2529 853 2614 (γραμματεὺς
874 2537 932 2614 τῆς
954 2527 1082 2615 βουλῆς,
1107 2528 1171 2593 sive
1194 2527 1316 2611 simpli-

191 2631 268 2695 oiter
289 2629 512 2716 γραμματεύς),
536 2631 679 2712 quaestor
701 2630 851 2717 (ταμίας),
874 2649 984 2714 praeco
1007 2627 1155 2715 (κῆρυξ);
1189 2629 1226 2694 do
1249 2633 1317 2698 offi-

192 2735 249 2799 eiis
272 2753 377 2799 eorum
399 2735 481 2799 iufra
503 2735 535 2819 (ᾗ
555 2734 589 2818 3)
612 2735 737 2802 uberius
761 2735 924 2800 dicendum
947 2737 1016 2800 erit.
1060 2735 1170 2800 Munia
1192 2735 1317 2800 senatus

194 2837 275 2902 siout
295 2837 428 2902 Athenis
450 2839 538 2903 amnt
560 2840 596 2901 τὸ
619 2837 837 2925 προβουλεύειν
860 2840 951 2921 atque
973 2857 1077 2903 rorum
1107 2838 1167 2903 sibi
1189 2837 1318 2904 manda·

192 2941 293 3005 tarum
318 2941 472 3006 exsecutio
483 2939 519 3024 ²).
564 2940 697 3008 Senatus
719 2942 879 3023 praeterea
901 2941 996 3006 etiam
1026 2959 1077 3006 aas
1108 2940 1223 3006 multas
1255 2941 1319 3006 sri-

193 3044 295 3124 gebat,
321 3042 454 3126 quaein
477 3043 688 3124 reipublicae
711 3043 863 3108 aerarium
887 3041 1046 3122 cedebant,
1070 3042 1151 3124 quod
1174 3041 1319 3126 colligere

193 3164 358 3229 possumus
381 3165 417 3212 ex
438 3145 627 3213 Juliatarum
650 3147 700 3212 tit.
724 3165 754 3211 n.
777 3147 829 3224 40.
874 3147 991 3212 Exacto
1015 3165 1094 3212 anno
1116 3147 1197 3212 siout
1220 3146 1319 3212 Athe·

195 3249 243 3312 nis
266 3249 443 3313 senatorum
465 3247 595 3330 collegio
618 3249 761 3312 universo
783 3248 907 3312 honoris
929 3267 1023 3313 eausa
1054 3265 1073 3311 a
1094 3247 1208 3330 populo
1234 3265 1320 3312 eoro-

196 3369 270 3416 nam
292 3349 448 3416 deeretam
470 3368 539 3415 esse
562 3352 627 3415 sine
650 3350 715 3414 ulla
747 3350 939 3418 dubitatione
971 3350 1216 3416 adfirmaverim:
1249 3367 1322 3414 nam

196 3453 230 3517 id
252 3452 334 3536 quod
355 3453 393 3518 de
415 3451 804 3533 magistratibns'Oeomm
828 3455 951 3518 constat
980 3453 1074 3520 etiam
1107 3453 1146 3518 ad
1181 3456 1321 3519 senatum

197 3559 308 3625 referre
331 3577 390 3624 uon
414 3557 531 3623 dubito.

300 3663 410 3728 Restat
431 3662 518 3727 loeus
541 3662 742 3746 gravissimus
766 3662 803 3730 de
827 3661 880 3728 (lei
902 3663 1022 3728 insulae
1044 3661 1234 3728 deoretorum
1258 3663 1322 3727 for-

199 3765 269 3830 mis.
314 3765 361 3830 De
385 3763 496 3848 quibus
519 3783 590 3830 oum
609 3765 757 3831 Swoboda
778 3765 800 3829 l.
824 3765 846 3830 l.
869 3785 966 3848 nuper
986 3766 1111 3831 uberius
1135 3765 1242 3849 egerit,
1262 3783 1323 3830 non

139 3895 142 3900 ·
200 3867 407 3932 neeessariam
431 3883 539 3932 censeo
561 3885 598 3932 aa
620 3868 724 3932 omnia
746 3867 888 3950 pluribus
909 3867 1011 3933 verbis
1033 3867 1220 3946 retraetare3
1248 3885 1324 3948 pau-

200 3969 244 4035 eis
266 3969 366 4053 igitur
385 3969 466 4034 hano
488 3970 700 4051 quaestionem
722 3970 875 4054 attingam
897 3987 993 4052 eaque
1025 3970 1129 4034 omnia
1159 3969 1324 4046 adnotabo,

305 4223 498 4290 1)af.n.128
515 4237 543 4277 v.
560 4225 596 4278 24
621 4223 728 4275 καλέσαι
754 4223 785 4274 δὲ
812 4221 863 4292 alul
890 4221 933 4274 ἐπὶ
960 4223 1033 4283 ξένια
1060 4224 1101 4283 εἰς
1115 4225 1146 4276 τὸ
1172 4226 1326 4291 πρυτανεῖον

202 4305 266 4366 τοὺς
280 4303 438 4376 Ἀθηναίους
453 4309 495 4368 εἰς
509 4307 615 4376 adipson
634 4309 765 4363 similitor
781 4322 808 4362 v.
827 4307 844 4362 d
863 4309 892 4362 et
909 4309 952 4362 34.

306 4389 333 4459 2)
352 4392 494 4457 Quaeres
513 4409 578 4449 oum
595 4395 633 4449 sit
650 4395 808 4458 notissima,
827 4395 959 4462 exempla
977 4394 1087 4449 adferre
1106 4395 1214 4448 omitto.

1137 4496 1171 4548 δά
