3336 5314
754 475 794 542 19

670 555 876 576 --Δ-

315 682 418 765 Atque
442 681 599 750 Arcadum
621 682 744 765 quidem
768 683 918 748 memoria
939 681 1094 748 artissime
1111 684 1275 749 coniuncta
1289 684 1338 748 est

212 804 284 850 cnm
307 784 444 851 Aristaei
476 786 599 871 mytho:
632 805 693 870 qua
723 785 848 868 quidem
878 785 917 851 de
947 805 980 852 re
1002 784 1114 868 duplex
1135 786 1219 853 fama
1242 787 1289 852 est
1300 785 1336 870 ¹).

212 887 394 956 Heraclides
417 889 509 968 enim,
533 890 587 972 qui
608 909 657 955 res
680 889 751 955 illas
773 887 857 954 hand
873 889 966 956 dubia
983 907 1019 954 er
1036 889 1215 956 Aristotelis
1231 889 1337 955 libello

211 991 385 1075 exscripsit,
407 993 500 1074 atque
523 1011 594 1075 pars
618 992 804 1076 scriptorum
828 995 919 1075 (quos
939 992 1077 1078 singulos
1092 992 1143 1058 hio
1159 1011 1337 1060 enumerare

212 1111 476 1177 superuacaneum
498 1096 559 1179 ast)
575 1095 754 1163 Aristaeum
777 1115 796 1160 a
818 1093 963 1178 nymphis
984 1131 1028 1144 —
1050 1113 1127 1177 quas
1149 1096 1265 1178 primm
1289 1095 1337 1160 in·

213 1196 314 1265 sulam
346 1193 511 1264 incoluisse
546 1197 654 1264 ύίοιιυί
675 1231 717 1245 -
739 1197 772 1262 in
795 1195 855 1262 Ceo
878 1197 983 1263 insula
1005 1196 1171 1263 educatum
1193 1197 1226 1262 et
1246 1197 1338 1263 insti·

214 1299 318 1364 tutum
340 1318 408 1366 esse
429 1299 576 1366 referunt.
607 1299 686 1366 Cum
701 1318 773 1366 vero
797 1299 949 1384 nymphae
971 1299 1069 1366 leonis
1092 1299 1243 1382 adspectu
1264 1319 1338 1368 oon·

212 1402 358 1468 turbatae
382 1401 547 1488 Carystum
569 1403 791 1487 confugissent,
814 1402 994 1470 Aristaeum
1025 1403 1203 1468 subvenisse
1226 1421 1339 1486 easque

212 1505 380 1572 reduxisse.
425 1505 579 1572 Pindarus
601 1506 781 1573 Aristaeum
803 1505 913 1573 deinde
935 1506 968 1572 in
984 1505 1151 1574 Arcadiam
1173 1525 1205 1572 sa
1228 1507 1302 1573 cont
1323 1541 1339 1556 ·

213 1607 287 1674 lisse
310 1608 397 1672 dicit.
420 1608 605 1691 Apollonius
628 1609 733 1676 autem
755 1607 894 1675 Rhodius
918 1608 1042 1691 aliaque
1065 1608 1251 1690 scriptorum
1267 1626 1338 1692 pars

214 1709 354 1777 tabulam
377 1710 465 1776 illam
488 1711 532 1778 sio
556 1713 683 1780 narrant
707 1697 759 1794 (cf.
783 1703 902 1778 scholia
923 1711 946 1776 l.
969 1711 1005 1794 l.)
1019 1710 1043 1794 ²)
1079 1720 1153 1790 „roo
1175 1712 1237 1796 γάρ
1258 1731 1337 1777 κατ-

213 1812 439 1898 ηστερισμένου
471 1813 573 1891 Κυνὸς
595 1813 766 1899 φλέγοντος
789 1816 845 1891 τὰς
866 1813 1041 1890 Κυκλάδας
1066 1813 1180 1899 νήσους
1203 1816 1258 1878 καὶ
1282 1835 1337 1880 πο-

213 1913 271 1978 λὺν
293 1915 404 2000 χρόνον
426 1917 550 2002 αὐχμοῦ
573 1937 608 1980 τε
641 1919 697 1980 καί
732 1915 862 2000 ἀπορίας
883 1919 980 2002 οὔσης
1002 1915 1030 1980 οἱ
1053 1917 1111 2002 τήν
1133 1915 1208 1982 Κέιι
1231 1937 1337 1982 κατοι-

214 2027 343 2096 κοῦντες
364 2019 403 2082 ἐκ
426 2018 619 2103 θεοπροπίου
641 2018 879 2085 ἐπεκαλέσαντο
901 2016 1080 2103 Ἀρισταῖον
1104 2020 1157 2083 τὸν
1172 2016 1337 2083 Ἀπόλλω-

213 2141 265 2197 νος
288 2123 343 2184 καί
357 2120 507 2206 Κυρήνης
521 2121 560 2185 ἐκ
575 2120 698 2198 Φθίας.Ι
719 2121 736 2185 ὁ
758 2121 792 2186 δὲ
808 2119 999 2208 παραλαβών
1022 2141 1105 2197 τινας
1121 2117 1154 2198 ἐξ
1168 2119 1340 2204 Ἀρκαδίας

214 2221 320 2307 ἦλθεν
341 2221 385 2299 εἰς
400 2224 460 2308 την
474 2222 549 2289 Κέιυ
572 2226 627 2288 καί
650 2224 720 2300 Διὸς
743 2222 822 2308 ίερδν
846 2223 992 2308 ἱδρύσατο
1006 2221 1148 2308 Ἰκμαίου
1171 2223 1267 2288 ἐνεκα
1283 2233 1338 2288 τοῦ

214 2327 287 2402 τοὺς
307 2325 439 2412 ὄμβρους
460 2325 619 2410 γίνεσθαι,
653 2329 709 2394 καί
731 2329 784 2392 τὸν
806 2326 895 2408 Κύνα
919 2324 1085 2404 ἐξιλάσαντο
1110 2328 1165 2392 καί
1187 2325 1338 2410 ἐνομούέ-

213 2449 295 2514 τησε
318 2428 391 2493 κατ’
412 2429 552 2494 ἐνιαυτδν
575 2439 640 2506 τοῖς
660 2428 766 2506 Κείοις
789 2427 863 2515 μεθ’
885 2428 990 2494 ὅπλων
1013 2429 1169 2514 ἐπιτηρεῖν
1192 2431 1250 2514 την
1272 2429 1341 2493 ἐπι·

214 2531 313 2616 τολην
347 2541 401 2597 τοῦ
432 2532 534 2610 Κυνδς
568 2535 623 2597 καὶ
654 2533 744 2598 θύειν
775 2534 872 2617 αύτῷ.
909 2532 988 2597 ὅθεν
1014 2531 1042 2596 οἱ
1065 2530 1189 2617 ἐτησίαι
1212 2531 1339 2597 πνέουσι

214 2634 456 2720 καταψύχοντες
478 2643 522 2719 τῷ
559 2635 646 2721 δέρει
677 2637 736 2720 την
769 2645 843 2721 γῆν,
877 2638 933 2700 καί
955 2636 1080 2722 αὐχμοῦ
1103 2635 1341 2722 ἀπηλλάγησαν

213 2734 244 2798 οἱ
277 2735 436 2822 Ἕλληνες
576 2741 632 2802 καὶ
665 2737 967 2823 κατακαλεσάμενος
999 2737 1070 2814 τοὺς
1102 2737 1231 2824 ἐτησίας
1263 2738 1341 2816 Ζεὺς

215 2837 394 2924 Ἀρισταῖος
416 2840 560 2926 ἐκλήθη.
608 2841 755 2924 Reliquas
778 2841 816 2906 de
839 2841 983 2908 Aristaeo
1006 2841 1128 2908 fabulas
1160 2841 1211 2907 hic
1233 2841 1341 2907 mitta·

216 2960 296 3022 mus,
320 2961 390 3009 cum
413 2942 492 3008 nihil
515 2943 554 3009 ad
577 2943 630 3009 Cei
652 2943 771 3010 insulae
793 2963 842 3010 res
866 2944 1089 3028 pertineant³).

320 3115 346 3184 1)
364 3115 502 3172 Heraclid.
530 3119 565 3172 de
596 3119 645 3173 reb
663 3120 739 3186 publ.
757 3117 797 3172 lX
816 3120 839 3182 l,
867 3118 936 3173 2ο1.
955 3119 1097 3182 Welclrer,
1125 3117 1173 3173 Gr.
1193 3118 1312 3173 Gdtterh
1330 3118 1343 3172 I

216 3219 242 3272 p.
253 3204 306 3259 487
315 3219 355 3271 sq.
367 3224 373 3268 3
392 3203 597 3269 Preller·Plew,
617 3204 664 3258 Gr.
674 3205 790 3272 Mythol
809 3205 822 3258 l
838 3219 864 3272 p.
875 3205 926 3258 373
936 3219 995 3272 sq.;
1015 3203 1158 3259 Schirruer
1168 3205 1197 3258 in
1208 3204 1342 3267 Roscher‚

216 3291 313 3346 Lexlc.
331 3305 357 3357 p.
377 3291 429 3345 547
446 3305 487 3358 sq.
505 3291 585 3358 impr.
604 3305 630 3358 p.
649 3291 701 3345 549
719 3303 777 3357 sq.;
804 3289 924 3344 Blondel
941 3291 970 3344 ln
988 3291 1164 3357 Daremberg
1191 3291 1219 3344 et
1238 3289 1342 3358 signo,

216 3374 291 3428 Dict.
319 3374 368 3428 des
395 3375 452 3428 ant
478 3388 505 3441 p.
532 3373 591 3427 424.
627 3373 807 3436 Studnioalra,
835 3373 958 3440 Kyrene,
985 3374 1100 3441 Leipzig
1126 3373 1201 3437 1890,
1229 3387 1255 3440 p.
1284 3374 1342 3428 133,

217 3458 410 3522 lmmerwahr,
427 3458 482 3513 Die
495 3457 581 3512 Kulte
598 3473 626 3512 ua
643 3457 761 3526 Mytheu
773 3457 940 3523 Arkadlens,
958 3459 970 3511 l
987 3457 1102 3526 Leipzig
1116 3457 1183 3511 1831
1196 3472 1221 3525 p.
1235 3459 1286 3512 251
1302 3471 1344 3525 sq.

320 3544 347 3613 2)
365 3545 455 3613 Apoll.
473 3545 627 3613 argonaut.
646 3545 669 3598 ll
696 3558 723 3599 v.
742 3544 793 3598 516
811 3558 851 3612 sq.
875 3547 904 3600 et
921 3545 1036 3601 Scholia
1053 3560 1080 3599 v.
1097 3543 1150 3599 433
1176 3545 1205 3599 et
1221 3545 1273 3600 513
1301 3559 1342 3613 sq.

217 3629 351 3697 Rehquos
369 3631 448 3686 locos
467 3631 501 3686 et
519 3633 549 3686 in
567 3631 646 3686 libris
664 3645 735 3702 quos
754 3645 841 3701 supra
858 3632 948 3687 attuli.

320 3717 347 3784 3)
365 3717 483 3772 Praeter
509 3717 633 3774 Aristaei
659 3719 875 3786 mythum·tres
903 3719 1019 3772 exstant
1044 3718 1172 3781 fabulae,
1208 3731 1281 3784 quaa
1308 3718 1344 3772 ad

218 3803 340 3858 insulam
359 3802 446 3858 θεαιιι
463 3805 614 3872 pertinent.
651 3803 727 3870 Quas
746 3819 811 3859 cum
828 3805 930 3860 iisdem
947 3805 1042 3860 vertis
1061 3817 1194 3858 enarrare
1211 3817 1343 3871 superva-

217 3902 337 3942 caneum
364 3889 410 3952 sit,
437 3890 508 3944 satis
535 3891 588 3944 erit
615 3905 664 3945 eas
691 3891 739 3945 hie
765 3891 890 3946 breviter
917 3901 1091 3944 enumerare.
1126 3890 1169 3944 De
1192 3887 1343 3957 Cyparisso

217 3973 314 4029 tabula
330 3977 463 4030 narratur
480 3976 515 4030 ab
530 3975 630 4030 Ouidio
647 3975 759 4030 Metam.
778 3975 805 4030 X
822 3990 849 4030 v.
869 3975 920 4030 123
937 3989 978 4043 sq.
997 3977 1026 4030 et
1043 3975 1120 4030 hant.
1133 3975 1217 4039 Plan„
1233 3974 1343 4030 Narrat

215 4058 246 4121 ‚X
263 4060 318 4115 lah.
336 4060 361 4114 3.
397 4060 441 4114 De
458 4060 648 4116 Hermochare
665 4063 694 4115 et
712 4060 838 4129 Ctesylla
855 4061 889 4116 ol
909 4061 1012 4116 Antou.
1029 4061 1120 4114 Liber.
1138 4077 1236 4124 μεταμ.
1253 4078 1343 4128 onear.

219 4146 234 4200 1
254 4145 463 4212 (westarmanu
481 4147 621 4216 Mythogr.
640 4147 688 4202 Gr.
706 4162 732 4215 p.
750 4149 800 4204 201
819 4146 871 4218 sq.)
907 4148 950 4202 Da
967 4146 1087 4202 Acontio
1111 4148 1139 4202 et
1157 4145 1284 4215 Cydippe
1310 4147 1344 4202 oi

218 4231 391 4288 Aristaenetl
417 4234 655 4302 epistulom110‚
684 4233 757 4288 Ovld
782 4234 895 4288 Herold.
918 4233 973 4287 XX
999 4235 1028 4288 et
1055 4233 1121 4288 XXI
1139 4232 1274 4302 (Dllthey‚
1301 4233 1345 4288 De

218 4315 383 4374 Callimachi
401 4318 534 4388 eymppa,
561 4319 767 4388 Liparenses,
792 4334 819 4388 p.
838 4320 888 4374 127
906 4333 947 4387 sq.
967 4319 996 4373 et
1012 4333 1039 4386 p.
1059 4319 1108 4374 137
1127 4316 1178 4386 sq.)
1214 4317 1344 4382 Patulus,

218 4416 292 4469 quae
311 4404 346 4458 de
363 4404 553 4461 Hermoohare
571 4407 600 4460 et
618 4405 744 4474 Ctesylla
760 4406 846 4472 atque
864 4405 898 4460 de
912 4404 1032 4460 Acontio
1047 4405 1075 4459 et
1088 4403 1214 4473 Cydippe
1231 4417 1345 4458 narran-

1155 4505 1189 4558 2}
