<?xml version="1.0" encoding="UTF-8"?>
<!DOCTYPE html PUBLIC "-//W3C//DTD XHTML 1.0 Transitional//EN"
    "http://www.w3.org/TR/xhtml1/DTD/xhtml1-transitional.dtd">
<html xmlns="http://www.w3.org/1999/xhtml" xml:lang="en" lang="en">
 <head>
  <title>
</title>
<meta http-equiv="Content-Type" content="text/html;charset=utf-8" />
  <meta name='ocr-system' content='tesseract 3.04.00' />
  <meta name='ocr-capabilities' content='ocr_page ocr_carea ocr_par ocr_line ocrx_word'/>
</head>
<body>
  <div class='ocr_page' id='page_1' title='image "./deceiinsulaereb00pridgoog_0139.png"; bbox 0 0 3298 5304; ppageno 0'>
   <div class='ocr_carea' id='block_1_1' title="bbox 879 489 942 557">
    <p class='ocr_par' dir='ltr' id='par_1_1' title="bbox 879 489 942 557">
     <span class='ocr_line' id='line_1_1' title="bbox 879 489 942 557; baseline 0.016 -1"><span class='ocrx_word' id='word_1_1' title='bbox 879 489 942 557; x_wconf 90' lang='grc'>126</span> 
     </span>
    </p>
   </div>
   <div class='ocr_carea' id='block_1_2' title="bbox 347 691 1475 764">
    <p class='ocr_par' dir='ltr' id='par_1_2' title="bbox 347 691 1475 764">
     <span class='ocr_line' id='line_1_2' title="bbox 347 691 1475 764; baseline -0.004 -3"><span class='ocrx_word' id='word_1_2' title='bbox 347 696 394 764; x_wconf 87' lang='lat' dir='ltr'>rei</span> <span class='ocrx_word' id='word_1_3' title='bbox 418 696 478 762; x_wconf 86' lang='lat' dir='ltr'>duo</span> <span class='ocrx_word' id='word_1_4' title='bbox 500 694 668 760; x_wconf 82' lang='lat' dir='ltr'>voeabula“</span> <span class='ocrx_word' id='word_1_5' title='bbox 701 713 768 760; x_wconf 93' lang='lat' dir='ltr'>esse</span> <span class='ocrx_word' id='word_1_6' title='bbox 799 693 987 760; x_wconf 87' lang='lat' dir='ltr'>existimant.</span> <span class='ocrx_word' id='word_1_7' title='bbox 1040 693 1102 760; x_wconf 82' lang='lat' dir='ltr'>Sed</span> <span class='ocrx_word' id='word_1_8' title='bbox 1133 693 1313 760; x_wconf 84' lang='lat' dir='ltr'>erraverunt</span> <span class='ocrx_word' id='word_1_9' title='bbox 1333 691 1475 757; x_wconf 78' lang='lat' dir='ltr'>homiues</span> 
     </span>
    </p>
   </div>
   <div class='ocr_carea' id='block_1_3' title="bbox 252 795 1476 884">
    <p class='ocr_par' dir='ltr' id='par_1_3' title="bbox 252 795 1476 884">
     <span class='ocr_line' id='line_1_3' title="bbox 252 795 1476 884; baseline -0.002 -20"><span class='ocrx_word' id='word_1_10' title='bbox 252 821 256 830; x_wconf 69' lang='lat'><strong><em>¹</em></strong></span> <span class='ocrx_word' id='word_1_11' title='bbox 347 799 440 879; x_wconf 79' lang='lat' dir='ltr'>(loeti,</span> <span class='ocrx_word' id='word_1_12' title='bbox 465 818 538 865; x_wconf 87' lang='lat' dir='ltr'>num</span> <span class='ocrx_word' id='word_1_13' title='bbox 559 799 842 884; x_wconf 82' lang='lat' dir='ltr'>gymnasiarohiam</span> <span class='ocrx_word' id='word_1_14' title='bbox 864 796 994 863; x_wconf 75' lang='lat' dir='ltr'>osomm</span> <span class='ocrx_word' id='word_1_15' title='bbox 1017 815 1079 862; x_wconf 96' lang='lat' dir='ltr'>non</span> <span class='ocrx_word' id='word_1_16' title='bbox 1100 796 1272 880; x_wconf 79' lang='lat' dir='ltr'>liturgiam,</span> <span class='ocrx_word' id='word_1_17' title='bbox 1296 795 1351 862; x_wconf 82' lang='lat' dir='ltr'>sou</span> <span class='ocrx_word' id='word_1_18' title='bbox 1372 795 1476 877; x_wconf 87' lang='lat' dir='ltr'>magi-</span> 
     </span>
    </p>
   </div>
   <div class='ocr_carea' id='block_1_4' title="bbox 277 895 1481 3548">
    <p class='ocr_par' dir='ltr' id='par_1_4' title="bbox 347 895 1478 1499">
     <span class='ocr_line' id='line_1_4' title="bbox 347 895 1477 982; baseline -0.007 -14"><span class='ocrx_word' id='word_1_19' title='bbox 347 902 480 968; x_wconf 79' lang='lat' dir='ltr'>stratum</span> <span class='ocrx_word' id='word_1_20' title='bbox 502 901 597 966; x_wconf 88' lang='lat' dir='ltr'>fuisse</span> <span class='ocrx_word' id='word_1_21' title='bbox 619 899 820 978; x_wconf 89' lang='lat' dir='ltr'>ordinarium,</span> <span class='ocrx_word' id='word_1_22' title='bbox 855 917 951 982; x_wconf 84' lang='lat' dir='ltr'>supra</span> <span class='ocrx_word' id='word_1_23' title='bbox 972 898 1065 964; x_wconf 90' lang='lat' dir='ltr'>dooni</span> <span class='ocrx_word' id='word_1_24' title='bbox 1099 900 1143 981; x_wconf 85' lang='lat' dir='ltr'>(p.</span> <span class='ocrx_word' id='word_1_25' title='bbox 1165 896 1210 960; x_wconf 90' lang='grc'>96</span> <span class='ocrx_word' id='word_1_26' title='bbox 1230 897 1302 981; x_wconf 88' lang='lat' dir='ltr'>sq).</span> <span class='ocrx_word' id='word_1_27' title='bbox 1354 895 1477 980; x_wconf 78' lang='lat' dir='ltr'>Deinde</span> 
     </span>
     <span class='ocr_line' id='line_1_5' title="bbox 347 999 1477 1089; baseline -0.006 -19"><span class='ocrx_word' id='word_1_28' title='bbox 347 1025 378 1071; x_wconf 86' lang='lat' dir='ltr'>v.</span> <span class='ocrx_word' id='word_1_29' title='bbox 399 1005 440 1069; x_wconf 88' lang='grc'>31</span> <span class='ocrx_word' id='word_1_30' title='bbox 472 1005 624 1088; x_wconf 85' lang='lat' dir='ltr'>legimus:</span> <span class='ocrx_word' id='word_1_31' title='bbox 672 1002 912 1089; x_wconf 67' lang='lat' dir='ltr'>„lupaobotpxqr</span> <span class='ocrx_word' id='word_1_32' title='bbox 944 1009 988 1086; x_wconf 82' lang='grc' dir='ltr'>τῷ</span> <span class='ocrx_word' id='word_1_33' title='bbox 1012 1008 1136 1066; x_wconf 75' lang='grc' dir='ltr'><strong>νικῶντι</strong></span> <span class='ocrx_word' id='word_1_34' title='bbox 1167 999 1320 1083; x_wconf 79' lang='grc' dir='ltr'>ἀσπίδα,“</span> <span class='ocrx_word' id='word_1_35' title='bbox 1352 999 1477 1082; x_wconf 85' lang='lat' dir='ltr'>lampa·</span> 
     </span>
     <span class='ocr_line' id='line_1_6' title="bbox 348 1101 1478 1193; baseline -0.005 -19"><span class='ocrx_word' id='word_1_36' title='bbox 348 1109 454 1175; x_wconf 78' lang='lat' dir='ltr'>(larabi</span> <span class='ocrx_word' id='word_1_37' title='bbox 476 1127 549 1193; x_wconf 89' lang='lat' dir='ltr'>ergo</span> <span class='ocrx_word' id='word_1_38' title='bbox 573 1109 646 1173; x_wconf 87' lang='lat' dir='ltr'>sunt</span> <span class='ocrx_word' id='word_1_39' title='bbox 666 1107 772 1191; x_wconf 87' lang='lat' dir='ltr'>plures</span> <span class='ocrx_word' id='word_1_40' title='bbox 795 1108 826 1172; x_wconf 91' lang='lat' dir='ltr'>ot</span> <span class='ocrx_word' id='word_1_41' title='bbox 847 1107 1019 1188; x_wconf 89' lang='lat' dir='ltr'>funguntur</span> <span class='ocrx_word' id='word_1_42' title='bbox 1047 1104 1184 1189; x_wconf 76' lang='lat' dir='ltr'>liturgia.</span> <span class='ocrx_word' id='word_1_43' title='bbox 1238 1101 1478 1188; x_wconf 80' lang='lat' dir='ltr'>Gymnasiorebi</span> 
     </span>
     <span class='ocr_line' id='line_1_7' title="bbox 348 1207 1478 1296; baseline -0.005 -19"><span class='ocrx_word' id='word_1_44' title='bbox 348 1213 417 1280; x_wconf 86' lang='lat' dir='ltr'>erut</span> <span class='ocrx_word' id='word_1_45' title='bbox 437 1211 608 1294; x_wconf 86' lang='lat' dir='ltr'>providere,</span> <span class='ocrx_word' id='word_1_46' title='bbox 629 1213 666 1277; x_wconf 90' lang='lat' dir='ltr'>ut</span> <span class='ocrx_word' id='word_1_47' title='bbox 696 1209 824 1296; x_wconf 78' lang='grc' dir='ltr'>λαμπάς</span> <span class='ocrx_word' id='word_1_48' title='bbox 853 1209 911 1274; x_wconf 90' lang='lat' dir='ltr'>illa</span> <span class='ocrx_word' id='word_1_49' title='bbox 940 1208 1037 1289; x_wconf 82' lang='lat' dir='ltr'>lieret,</span> <span class='ocrx_word' id='word_1_50' title='bbox 1059 1207 1349 1290; x_wconf 84' lang='lat' dir='ltr'>lampadaroborum</span> <span class='ocrx_word' id='word_1_51' title='bbox 1370 1207 1478 1272; x_wconf 84' lang='lat' dir='ltr'>autem</span> 
     </span>
     <span class='ocr_line' id='line_1_8' title="bbox 347 1309 1477 1398; baseline -0.004 -18"><span class='ocrx_word' id='word_1_52' title='bbox 347 1314 524 1398; x_wconf 77' lang='lat' dir='ltr'>sumptibus</span> <span class='ocrx_word' id='word_1_53' title='bbox 547 1313 686 1379; x_wconf 87' lang='lat' dir='ltr'>inludis</span> <span class='ocrx_word' id='word_1_54' title='bbox 709 1313 762 1396; x_wconf 89' lang='lat' dir='ltr'>qni</span> <span class='ocrx_word' id='word_1_55' title='bbox 784 1311 934 1377; x_wconf 87' lang='lat' dir='ltr'>oertaturi</span> <span class='ocrx_word' id='word_1_56' title='bbox 963 1311 1066 1376; x_wconf 88' lang='lat' dir='ltr'>essent</span> <span class='ocrx_word' id='word_1_57' title='bbox 1095 1310 1269 1389; x_wconf 79' lang='lat' dir='ltr'>alebantur,</span> <span class='ocrx_word' id='word_1_58' title='bbox 1290 1309 1477 1376; x_wconf 85' lang='lat' dir='ltr'>exeroobau·</span> 
     </span>
     <span class='ocr_line' id='line_1_9' title="bbox 347 1412 1281 1499; baseline -0.004 -18"><span class='ocrx_word' id='word_1_59' title='bbox 347 1416 399 1481; x_wconf 91' lang='lat' dir='ltr'>tur</span> <span class='ocrx_word' id='word_1_60' title='bbox 420 1415 573 1499; x_wconf 82' lang='lat' dir='ltr'>rebusque</span> <span class='ocrx_word' id='word_1_61' title='bbox 595 1415 635 1482; x_wconf 88' lang='lat' dir='ltr'>ad</span> <span class='ocrx_word' id='word_1_62' title='bbox 657 1415 812 1480; x_wconf 89' lang='lat' dir='ltr'>oertamen</span> <span class='ocrx_word' id='word_1_63' title='bbox 835 1412 1017 1478; x_wconf 80' lang='lat' dir='ltr'>necessariis</span> <span class='ocrx_word' id='word_1_64' title='bbox 1037 1412 1281 1478; x_wconf 86' lang='lat' dir='ltr'>instruebantur.</span> 
     </span>
    </p>

    <p class='ocr_par' dir='ltr' id='par_1_5' title="bbox 277 1513 1481 2834">
     <span class='ocr_line' id='line_1_10' title="bbox 451 1513 1478 1602; baseline -0.004 -18"><span class='ocrx_word' id='word_1_65' title='bbox 451 1517 600 1602; x_wconf 77' lang='lat' dir='ltr'>Bangebe</span> <span class='ocrx_word' id='word_1_66' title='bbox 622 1517 718 1584; x_wconf 87' lang='lat' dir='ltr'>etiam</span> <span class='ocrx_word' id='word_1_67' title='bbox 744 1517 871 1582; x_wconf 87' lang='lat' dir='ltr'>tertiam</span> <span class='ocrx_word' id='word_1_68' title='bbox 901 1515 1073 1601; x_wconf 78' lang='lat' dir='ltr'>liturgiam,</span> <span class='ocrx_word' id='word_1_69' title='bbox 1097 1513 1321 1600; x_wconf 74' lang='grc' dir='ltr'>ἀρχιθεωρίαν,</span> <span class='ocrx_word' id='word_1_70' title='bbox 1345 1514 1478 1580; x_wconf 80' lang='lat' dir='ltr'>inresti-</span> 
     </span>
     <span class='ocr_line' id='line_1_11' title="bbox 348 1617 1479 1704; baseline -0.001 -19"><span class='ocrx_word' id='word_1_71' title='bbox 348 1639 439 1704; x_wconf 89' lang='lat' dir='ltr'>gasse</span> <span class='ocrx_word' id='word_1_72' title='bbox 461 1620 523 1686; x_wconf 89' lang='lat' dir='ltr'>sibi</span> <span class='ocrx_word' id='word_1_73' title='bbox 543 1621 629 1686; x_wconf 86' lang='lat' dir='ltr'>visus</span> <span class='ocrx_word' id='word_1_74' title='bbox 652 1621 709 1698; x_wconf 84' lang='lat' dir='ltr'>est,</span> <span class='ocrx_word' id='word_1_75' title='bbox 732 1619 788 1686; x_wconf 88' lang='lat' dir='ltr'>sed</span> <span class='ocrx_word' id='word_1_76' title='bbox 802 1619 912 1684; x_wconf 87' lang='lat' dir='ltr'>neuter</span> <span class='ocrx_word' id='word_1_77' title='bbox 924 1618 1037 1684; x_wconf 82' lang='lat' dir='ltr'>titulus</span> <span class='ocrx_word' id='word_1_78' title='bbox 1051 1617 1113 1683; x_wconf 89' lang='lat' dir='ltr'>huo</span> <span class='ocrx_word' id='word_1_79' title='bbox 1125 1619 1272 1700; x_wconf 89' lang='lat' dir='ltr'>pertinet.</span> <span class='ocrx_word' id='word_1_80' title='bbox 1314 1617 1377 1683; x_wconf 81' lang='lat' dir='ltr'>Tit</span> <span class='ocrx_word' id='word_1_81' title='bbox 1394 1617 1479 1684; x_wconf 88' lang='lat' dir='ltr'>enim</span> 
     </span>
     <span class='ocr_line' id='line_1_12' title="bbox 348 1719 1478 1805; baseline 0 -19"><span class='ocrx_word' id='word_1_82' title='bbox 348 1741 380 1788; x_wconf 89' lang='lat' dir='ltr'>n.</span> <span class='ocrx_word' id='word_1_83' title='bbox 403 1721 446 1786; x_wconf 81' lang='lat'>75</span> <span class='ocrx_word' id='word_1_84' title='bbox 468 1723 623 1788; x_wconf 90' lang='lat' dir='ltr'>ininsula</span> <span class='ocrx_word' id='word_1_85' title='bbox 644 1721 705 1788; x_wconf 84' lang='lat' dir='ltr'>Coo</span> <span class='ocrx_word' id='word_1_86' title='bbox 728 1720 853 1805; x_wconf 87' lang='lat' dir='ltr'>quidem</span> <span class='ocrx_word' id='word_1_87' title='bbox 883 1727 1028 1787; x_wconf 86' lang='lat' dir='ltr'>inventus</span> <span class='ocrx_word' id='word_1_88' title='bbox 1062 1723 1119 1800; x_wconf 82' lang='lat' dir='ltr'>est,</span> <span class='ocrx_word' id='word_1_89' title='bbox 1152 1719 1207 1786; x_wconf 87' lang='lat' dir='ltr'>sed</span> <span class='ocrx_word' id='word_1_90' title='bbox 1229 1719 1367 1786; x_wconf 84' lang='lat' dir='ltr'>eontinet</span> <span class='ocrx_word' id='word_1_91' title='bbox 1387 1719 1478 1786; x_wconf 88' lang='lat' dir='ltr'>Nau·</span> 
     </span>
     <span class='ocr_line' id='line_1_13' title="bbox 348 1822 1478 1910; baseline -0.004 -18"><span class='ocrx_word' id='word_1_92' title='bbox 348 1827 521 1909; x_wconf 85' lang='lat' dir='ltr'>pautiorum</span> <span class='ocrx_word' id='word_1_93' title='bbox 543 1825 711 1904; x_wconf 81' lang='lat' dir='ltr'>decretum,</span> <span class='ocrx_word' id='word_1_94' title='bbox 735 1825 880 1892; x_wconf 87' lang='lat' dir='ltr'>similiter</span> <span class='ocrx_word' id='word_1_95' title='bbox 901 1826 992 1908; x_wconf 88' lang='lat' dir='ltr'>atque</span> <span class='ocrx_word' id='word_1_96' title='bbox 1017 1825 1066 1889; x_wconf 85' lang='lat' dir='ltr'>tit.</span> <span class='ocrx_word' id='word_1_97' title='bbox 1088 1843 1119 1890; x_wconf 91' lang='lat' dir='ltr'>n.</span> <span class='ocrx_word' id='word_1_98' title='bbox 1142 1822 1202 1902; x_wconf 91' lang='grc'>22;</span> <span class='ocrx_word' id='word_1_99' title='bbox 1226 1823 1401 1910; x_wconf 81' lang='grc' dir='ltr'><strong>Σωκράτης</strong></span> <span class='ocrx_word' id='word_1_100' title='bbox 1423 1823 1478 1889; x_wconf 87' lang='grc' dir='ltr'>Τι-</span> 
     </span>
     <span class='ocr_line' id='line_1_14' title="bbox 348 1926 1479 2014; baseline -0.001 -21"><span class='ocrx_word' id='word_1_101' title='bbox 348 1927 443 2014; x_wconf 81' lang='grc' dir='ltr'><strong>μὸνου</strong></span> <span class='ocrx_word' id='word_1_102' title='bbox 465 1931 498 1996; x_wconf 93' lang='lat' dir='ltr'>in</span> <span class='ocrx_word' id='word_1_103' title='bbox 519 1930 570 1996; x_wconf 90' lang='lat' dir='ltr'>tit.</span> <span class='ocrx_word' id='word_1_104' title='bbox 593 1949 624 1996; x_wconf 89' lang='lat' dir='ltr'>n.</span> <span class='ocrx_word' id='word_1_105' title='bbox 647 1929 689 1994; x_wconf 73' lang='lat'>77</span> <span class='ocrx_word' id='word_1_106' title='bbox 712 1929 795 1995; x_wconf 87' lang='lat' dir='ltr'>idem</span> <span class='ocrx_word' id='word_1_107' title='bbox 818 1931 876 2007; x_wconf 89' lang='lat' dir='ltr'>est,</span> <span class='ocrx_word' id='word_1_108' title='bbox 899 1929 953 2011; x_wconf 90' lang='lat' dir='ltr'>qui</span> <span class='ocrx_word' id='word_1_109' title='bbox 975 1947 1006 1993; x_wconf 94' lang='lat' dir='ltr'>n.</span> <span class='ocrx_word' id='word_1_110' title='bbox 1028 1927 1070 1993; x_wconf 90' lang='grc'>22</span> <span class='ocrx_word' id='word_1_111' title='bbox 1086 1926 1333 2010; x_wconf 81' lang='lat' dir='ltr'>Naupactiorum</span> <span class='ocrx_word' id='word_1_112' title='bbox 1347 1927 1479 1993; x_wconf 78' lang='lat' dir='ltr'>uocatur</span> 
     </span>
     <span class='ocr_line' id='line_1_15' title="bbox 349 2029 1479 2116; baseline 0.001 -21"><span class='ocrx_word' id='word_1_113' title='bbox 349 2031 470 2116; x_wconf 74' lang='grc' dir='ltr'><strong>θεωρὸς</strong></span> <span class='ocrx_word' id='word_1_114' title='bbox 492 2031 561 2114; x_wconf 80' lang='grc' dir='ltr'>(ἐπὶ</span> <span class='ocrx_word' id='word_1_115' title='bbox 582 2033 705 2116; x_wconf 66' lang='lat' dir='ltr'>acopos</span> <span class='ocrx_word' id='word_1_116' title='bbox 727 2031 916 2116; x_wconf 79' lang='grc' dir='ltr'>Σωκράτους</span> <span class='ocrx_word' id='word_1_117' title='bbox 938 2039 994 2094; x_wconf 83' lang='grc' dir='ltr'>τοῦ</span> <span class='ocrx_word' id='word_1_118' title='bbox 1017 2029 1178 2115; x_wconf 76' lang='grc' dir='ltr'><strong>Τιμὸνου),</strong></span> <span class='ocrx_word' id='word_1_119' title='bbox 1196 2049 1269 2114; x_wconf 88' lang='lat' dir='ltr'>ergo</span> <span class='ocrx_word' id='word_1_120' title='bbox 1283 2030 1479 2112; x_wconf 72' lang='lat' dir='ltr'>Naupactio·</span> 
     </span>
     <span class='ocr_line' id='line_1_16' title="bbox 277 2131 1481 2218; baseline -0.002 -19"><span class='ocrx_word' id='word_1_121' title='bbox 277 2178 280 2182; x_wconf 90' lang='lat'><em>-</em></span> <span class='ocrx_word' id='word_1_122' title='bbox 350 2153 421 2199; x_wconf 85' lang='lat' dir='ltr'>rum</span> <span class='ocrx_word' id='word_1_123' title='bbox 443 2136 492 2201; x_wconf 89' lang='lat' dir='ltr'>est</span> <span class='ocrx_word' id='word_1_124' title='bbox 512 2135 716 2218; x_wconf 86' lang='lat' dir='ltr'>magistratus</span> <span class='ocrx_word' id='word_1_125' title='bbox 737 2152 918 2218; x_wconf 82' lang='lat' dir='ltr'>eponyrnus,</span> <span class='ocrx_word' id='word_1_126' title='bbox 950 2151 1011 2198; x_wconf 95' lang='lat' dir='ltr'>non</span> <span class='ocrx_word' id='word_1_127' title='bbox 1042 2132 1176 2198; x_wconf 82' lang='lat' dir='ltr'>Oeorum</span> <span class='ocrx_word' id='word_1_128' title='bbox 1198 2131 1329 2217; x_wconf 68' lang='grc' dir='ltr'>θεωρός.</span> <span class='ocrx_word' id='word_1_129' title='bbox 1386 2132 1481 2198; x_wconf 82' lang='lat' dir='ltr'>Alter</span> 
     </span>
     <span class='ocr_line' id='line_1_17' title="bbox 347 2235 1479 2320; baseline -0.003 -17"><span class='ocrx_word' id='word_1_130' title='bbox 347 2237 460 2304; x_wconf 89' lang='lat' dir='ltr'>titulus</span> <span class='ocrx_word' id='word_1_131' title='bbox 498 2238 589 2320; x_wconf 80' lang='lat' dir='ltr'>(Ant.</span> <span class='ocrx_word' id='word_1_132' title='bbox 626 2236 710 2303; x_wconf 89' lang='lat' dir='ltr'>Hell.</span> <span class='ocrx_word' id='word_1_133' title='bbox 748 2256 779 2303; x_wconf 90' lang='lat' dir='ltr'>n.</span> <span class='ocrx_word' id='word_1_134' title='bbox 816 2235 881 2300; x_wconf 84' lang='lat'>818</span> <span class='ocrx_word' id='word_1_135' title='bbox 916 2235 1060 2302; x_wconf 86' lang='lat' dir='ltr'>inventus</span> <span class='ocrx_word' id='word_1_136' title='bbox 1097 2236 1130 2301; x_wconf 91' lang='lat' dir='ltr'>in</span> <span class='ocrx_word' id='word_1_137' title='bbox 1163 2253 1232 2300; x_wconf 83' lang='lat' dir='ltr'>aree</span> <span class='ocrx_word' id='word_1_138' title='bbox 1271 2235 1479 2318; x_wconf 83' lang='lat' dir='ltr'>Athenarum)</span> 
     </span>
     <span class='ocr_line' id='line_1_18' title="bbox 349 2335 1480 2422; baseline -0.003 -19"><span class='ocrx_word' id='word_1_139' title='bbox 349 2339 428 2404; x_wconf 92' lang='lat' dir='ltr'>nibil</span> <span class='ocrx_word' id='word_1_140' title='bbox 472 2335 513 2404; x_wconf 85' lang='lat' dir='ltr'>ad</span> <span class='ocrx_word' id='word_1_141' title='bbox 557 2338 654 2404; x_wconf 82' lang='lat' dir='ltr'>Caum</span> <span class='ocrx_word' id='word_1_142' title='bbox 697 2339 819 2404; x_wconf 89' lang='lat' dir='ltr'>attinet.</span> <span class='ocrx_word' id='word_1_143' title='bbox 880 2337 1083 2404; x_wconf 69' lang='lat' dir='ltr'>collaudatur</span> <span class='ocrx_word' id='word_1_144' title='bbox 1127 2337 1211 2404; x_wconf 89' lang='lat' dir='ltr'>onim</span> <span class='ocrx_word' id='word_1_145' title='bbox 1247 2355 1308 2402; x_wconf 90' lang='lat' dir='ltr'>non</span> <span class='ocrx_word' id='word_1_146' title='bbox 1342 2336 1480 2422; x_wconf 84' lang='grc' dir='ltr'><strong>Δάτιυρις</strong></span> 
     </span>
     <span class='ocr_line' id='line_1_19' title="bbox 349 2439 1478 2525; baseline 0 -19"><span class='ocrx_word' id='word_1_147' title='bbox 349 2440 470 2506; x_wconf 74' lang='lat' dir='ltr'>Kelol.</span> <span class='ocrx_word' id='word_1_148' title='bbox 492 2489 499 2504; x_wconf 96' lang='lat'>.</span> <span class='ocrx_word' id='word_1_149' title='bbox 520 2488 554 2506; x_wconf 90' lang='lat'>..</span> <span class='ocrx_word' id='word_1_150' title='bbox 579 2441 688 2524; x_wconf 80' lang='grc' dir='ltr'><strong>Κεῖος,</strong></span> <span class='ocrx_word' id='word_1_151' title='bbox 712 2441 767 2506; x_wconf 88' lang='lat' dir='ltr'>sed</span> <span class='ocrx_word' id='word_1_152' title='bbox 788 2441 929 2525; x_wconf 84' lang='grc' dir='ltr'><strong>Λάπυρις</strong></span> <span class='ocrx_word' id='word_1_153' title='bbox 951 2439 1097 2506; x_wconf 80' lang='grc' dir='ltr'>Καλλίου</span> <span class='ocrx_word' id='word_1_154' title='bbox 1122 2439 1318 2522; x_wconf 81' lang='grc' dir='ltr'><strong>Κλεωναῖος,</strong></span> <span class='ocrx_word' id='word_1_155' title='bbox 1343 2459 1417 2505; x_wconf 89' lang='lat' dir='ltr'>nem</span> <span class='ocrx_word' id='word_1_156' title='bbox 1439 2439 1478 2506; x_wconf 86' lang='lat' dir='ltr'>de</span> 
     </span>
     <span class='ocr_line' id='line_1_20' title="bbox 349 2541 1480 2628; baseline 0.002 -20"><span class='ocrx_word' id='word_1_157' title='bbox 349 2543 497 2610; x_wconf 87' lang='lat' dir='ltr'>Koehleri</span> <span class='ocrx_word' id='word_1_158' title='bbox 521 2544 745 2628; x_wconf 89' lang='lat' dir='ltr'>supplementis</span> <span class='ocrx_word' id='word_1_159' title='bbox 756 2543 781 2626; x_wconf 86' lang='lat'>¹)</span> <span class='ocrx_word' id='word_1_160' title='bbox 815 2544 994 2627; x_wconf 81' lang='lat' dir='ltr'>neutiquam</span> <span class='ocrx_word' id='word_1_161' title='bbox 1026 2541 1164 2608; x_wconf 84' lang='lat' dir='ltr'>dubitari</span> <span class='ocrx_word' id='word_1_162' title='bbox 1197 2544 1310 2626; x_wconf 89' lang='lat' dir='ltr'>potest.</span> <span class='ocrx_word' id='word_1_163' title='bbox 1365 2542 1480 2610; x_wconf 87' lang='lat' dir='ltr'>Omnia</span> 
     </span>
     <span class='ocr_line' id='line_1_21' title="bbox 349 2646 1480 2732; baseline 0.002 -20"><span class='ocrx_word' id='word_1_164' title='bbox 349 2647 458 2730; x_wconf 85' lang='lat' dir='ltr'>igitur,</span> <span class='ocrx_word' id='word_1_165' title='bbox 482 2666 560 2730; x_wconf 92' lang='lat' dir='ltr'>quae</span> <span class='ocrx_word' id='word_1_166' title='bbox 582 2646 730 2732; x_wconf 78' lang='lat' dir='ltr'>Rangebe</span> <span class='ocrx_word' id='word_1_167' title='bbox 753 2647 791 2714; x_wconf 88' lang='lat' dir='ltr'>de</span> <span class='ocrx_word' id='word_1_168' title='bbox 814 2647 933 2713; x_wconf 85' lang='lat' dir='ltr'>duabus</span> <span class='ocrx_word' id='word_1_169' title='bbox 954 2647 1019 2712; x_wconf 89' lang='lat' dir='ltr'>illis</span> <span class='ocrx_word' id='word_1_170' title='bbox 1049 2647 1258 2732; x_wconf 88' lang='lat' dir='ltr'>legationibus</span> <span class='ocrx_word' id='word_1_171' title='bbox 1284 2649 1480 2714; x_wconf 77' lang='lat' dir='ltr'>commentus</span> 
     </span>
     <span class='ocr_line' id='line_1_22' title="bbox 349 2749 942 2834; baseline 0 -18"><span class='ocrx_word' id='word_1_172' title='bbox 349 2751 405 2830; x_wconf 88' lang='lat' dir='ltr'>eet,</span> <span class='ocrx_word' id='word_1_173' title='bbox 430 2749 554 2816; x_wconf 90' lang='lat' dir='ltr'>silentio</span> <span class='ocrx_word' id='word_1_174' title='bbox 577 2749 745 2834; x_wconf 83' lang='lat' dir='ltr'>praeterire</span> <span class='ocrx_word' id='word_1_175' title='bbox 766 2768 942 2832; x_wconf 86' lang='lat' dir='ltr'>possumus.</span> 
     </span>
    </p>

    <p class='ocr_par' dir='ltr' id='par_1_6' title="bbox 349 2851 1480 3548">
     <span class='ocr_line' id='line_1_23' title="bbox 452 2851 1478 2920; baseline 0.003 -3"><span class='ocrx_word' id='word_1_176' title='bbox 452 2853 501 2918; x_wconf 90' lang='lat' dir='ltr'>De</span> <span class='ocrx_word' id='word_1_177' title='bbox 523 2851 894 2920; x_wconf 85' lang='lat' dir='ltr'>extraordinariis</span> <span class='ocrx_word' id='word_1_178' title='bbox 915 2851 1136 2920; x_wconf 88' lang='lat' dir='ltr'>reditibus</span> <span class='ocrx_word' id='word_1_179' title='bbox 1153 2853 1478 2920; x_wconf 83' lang='lat' dir='ltr'>nibilfarababemus</span> 
     </span>
     <span class='ocr_line' id='line_1_24' title="bbox 349 2954 1479 3040; baseline 0.004 -22"><span class='ocrx_word' id='word_1_180' title='bbox 349 2957 553 3038; x_wconf 79' lang='lat' dir='ltr'>compertum.</span> <span class='ocrx_word' id='word_1_181' title='bbox 596 2955 764 3020; x_wconf 82' lang='lat' dir='ltr'>Fuerintno</span> <span class='ocrx_word' id='word_1_182' title='bbox 786 2956 819 3019; x_wconf 92' lang='lat' dir='ltr'>in</span> <span class='ocrx_word' id='word_1_183' title='bbox 840 2955 956 3030; x_wconf 80' lang='lat' dir='ltr'>insula,</span> <span class='ocrx_word' id='word_1_184' title='bbox 975 2954 1035 3021; x_wconf 84' lang='lat' dir='ltr'>Ceo</span> <span class='ocrx_word' id='word_1_185' title='bbox 1065 2956 1161 3021; x_wconf 90' lang='lat' dir='ltr'>otiam</span> <span class='ocrx_word' id='word_1_186' title='bbox 1183 2955 1349 3040; x_wconf 81' lang='grc' dir='ltr'>ἐπιδόσεις,</span> <span class='ocrx_word' id='word_1_187' title='bbox 1374 2957 1479 3040; x_wconf 84' lang='grc' dir='ltr'>εἰσφο-</span> 
     </span>
     <span class='ocr_line' id='line_1_25' title="bbox 350 3055 1480 3142; baseline 0.005 -23"><span class='ocrx_word' id='word_1_188' title='bbox 350 3055 413 3142; x_wconf 79' lang='lat' dir='ltr'>put,</span> <span class='ocrx_word' id='word_1_189' title='bbox 438 3056 560 3138; x_wconf 89' lang='lat' dir='ltr'>aliaque</span> <span class='ocrx_word' id='word_1_190' title='bbox 582 3056 614 3121; x_wconf 87' lang='lat' dir='ltr'>id</span> <span class='ocrx_word' id='word_1_191' title='bbox 636 3076 734 3141; x_wconf 91' lang='lat' dir='ltr'>genus</span> <span class='ocrx_word' id='word_1_192' title='bbox 757 3057 857 3139; x_wconf 81' lang='lat' dir='ltr'>plura,</span> <span class='ocrx_word' id='word_1_193' title='bbox 881 3057 1050 3124; x_wconf 81' lang='lat' dir='ltr'>diiudicare</span> <span class='ocrx_word' id='word_1_194' title='bbox 1072 3076 1133 3124; x_wconf 93' lang='lat' dir='ltr'>non</span> <span class='ocrx_word' id='word_1_195' title='bbox 1161 3077 1335 3141; x_wconf 90' lang='lat' dir='ltr'>possumus,</span> <span class='ocrx_word' id='word_1_196' title='bbox 1360 3059 1420 3124; x_wconf 89' lang='lat' dir='ltr'>etsi</span> <span class='ocrx_word' id='word_1_197' title='bbox 1441 3059 1480 3125; x_wconf 87' lang='lat' dir='ltr'>de</span> 
     </span>
     <span class='ocr_line' id='line_1_26' title="bbox 350 3158 1480 3242; baseline 0.005 -21"><span class='ocrx_word' id='word_1_198' title='bbox 350 3159 475 3240; x_wconf 91' lang='lat' dir='ltr'>reipsa</span> <span class='ocrx_word' id='word_1_199' title='bbox 497 3158 633 3224; x_wconf 86' lang='lat' dir='ltr'>dubitari</span> <span class='ocrx_word' id='word_1_200' title='bbox 654 3178 716 3225; x_wconf 93' lang='lat' dir='ltr'>non</span> <span class='ocrx_word' id='word_1_201' title='bbox 737 3159 852 3242; x_wconf 87' lang='lat' dir='ltr'>potest.</span> <span class='ocrx_word' id='word_1_202' title='bbox 896 3160 934 3226; x_wconf 93' lang='lat' dir='ltr'>ln</span> <span class='ocrx_word' id='word_1_203' title='bbox 956 3159 1060 3226; x_wconf 87' lang='lat' dir='ltr'>insule</span> <span class='ocrx_word' id='word_1_204' title='bbox 1087 3162 1191 3226; x_wconf 89' lang='lat' dir='ltr'>autem</span> <span class='ocrx_word' id='word_1_205' title='bbox 1223 3180 1283 3227; x_wconf 92' lang='lat' dir='ltr'>uon</span> <span class='ocrx_word' id='word_1_206' title='bbox 1314 3161 1406 3227; x_wconf 85' lang='lat' dir='ltr'>alitor</span> <span class='ocrx_word' id='word_1_207' title='bbox 1428 3163 1480 3227; x_wconf 87' lang='lat' dir='ltr'>at·</span> 
     </span>
     <span class='ocr_line' id='line_1_27' title="bbox 350 3261 1479 3349; baseline 0.004 -24"><span class='ocrx_word' id='word_1_208' title='bbox 350 3279 409 3344; x_wconf 88' lang='lat' dir='ltr'>que</span> <span class='ocrx_word' id='word_1_209' title='bbox 431 3261 462 3326; x_wconf 93' lang='lat' dir='ltr'>in</span> <span class='ocrx_word' id='word_1_210' title='bbox 486 3261 557 3327; x_wconf 88' lang='lat' dir='ltr'>aliis</span> <span class='ocrx_word' id='word_1_211' title='bbox 579 3261 758 3328; x_wconf 82' lang='lat' dir='ltr'>civitatibus</span> <span class='ocrx_word' id='word_1_212' title='bbox 782 3261 918 3343; x_wconf 79' lang='lat' dir='ltr'>Graecis,</span> <span class='ocrx_word' id='word_1_213' title='bbox 942 3262 1105 3329; x_wconf 81' lang='lat' dir='ltr'>defioiento</span> <span class='ocrx_word' id='word_1_214' title='bbox 1126 3263 1251 3347; x_wconf 91' lang='lat' dir='ltr'>publioo</span> <span class='ocrx_word' id='word_1_215' title='bbox 1282 3264 1402 3330; x_wconf 86' lang='lat' dir='ltr'>aerario</span> <span class='ocrx_word' id='word_1_216' title='bbox 1423 3281 1479 3349; x_wconf 87' lang='lat' dir='ltr'>pe-</span> 
     </span>
     <span class='ocr_line' id='line_1_28' title="bbox 350 3363 1479 3447; baseline 0.004 -19"><span class='ocrx_word' id='word_1_217' title='bbox 350 3363 458 3429; x_wconf 88' lang='lat' dir='ltr'>ouniae</span> <span class='ocrx_word' id='word_1_218' title='bbox 480 3382 700 3447; x_wconf 86' lang='lat' dir='ltr'>saepenumero</span> <span class='ocrx_word' id='word_1_219' title='bbox 722 3365 777 3432; x_wconf 89' lang='lat' dir='ltr'>aut</span> <span class='ocrx_word' id='word_1_220' title='bbox 798 3384 835 3432; x_wconf 84' lang='lat' dir='ltr'>er</span> <span class='ocrx_word' id='word_1_221' title='bbox 857 3365 984 3447; x_wconf 88' lang='lat' dir='ltr'>deorum</span> <span class='ocrx_word' id='word_1_222' title='bbox 1006 3367 1133 3434; x_wconf 89' lang='lat' dir='ltr'>aerariis</span> <span class='ocrx_word' id='word_1_223' title='bbox 1155 3369 1209 3434; x_wconf 90' lang='lat' dir='ltr'>aut</span> <span class='ocrx_word' id='word_1_224' title='bbox 1231 3367 1328 3434; x_wconf 87' lang='lat' dir='ltr'>etium</span> <span class='ocrx_word' id='word_1_225' title='bbox 1345 3368 1385 3434; x_wconf 87' lang='lat' dir='ltr'>ab</span> <span class='ocrx_word' id='word_1_226' title='bbox 1408 3367 1479 3433; x_wconf 89' lang='lat' dir='ltr'>aliis</span> 
     </span>
     <span class='ocr_line' id='line_1_29' title="bbox 351 3465 1479 3548; baseline 0.004 -16"><span class='ocrx_word' id='word_1_227' title='bbox 351 3465 529 3533; x_wconf 79' lang='lat' dir='ltr'>civitatibus</span> <span class='ocrx_word' id='word_1_228' title='bbox 551 3471 678 3534; x_wconf 88' lang='lat' dir='ltr'>mutuae</span> <span class='ocrx_word' id='word_1_229' title='bbox 700 3467 914 3535; x_wconf 87' lang='lat' dir='ltr'>sumebantur.</span> <span class='ocrx_word' id='word_1_230' title='bbox 958 3467 1027 3548; x_wconf 78' lang='lat' dir='ltr'>Qua</span> <span class='ocrx_word' id='word_1_231' title='bbox 1057 3469 1095 3535; x_wconf 85' lang='lat' dir='ltr'>de</span> <span class='ocrx_word' id='word_1_232' title='bbox 1117 3488 1151 3534; x_wconf 90' lang='lat' dir='ltr'>re</span> <span class='ocrx_word' id='word_1_233' title='bbox 1173 3469 1337 3536; x_wconf 81' lang='lat' dir='ltr'>edocemur</span> <span class='ocrx_word' id='word_1_234' title='bbox 1358 3469 1479 3536; x_wconf 80' lang='lat' dir='ltr'>(luobus</span> 
     </span>
    </p>
   </div>
   <div class='ocr_carea' id='block_1_5' title="bbox 350 3569 1620 4270">
    <p class='ocr_par' dir='ltr' id='par_1_7' title="bbox 350 3569 1480 3858">
     <span class='ocr_line' id='line_1_30' title="bbox 350 3569 1480 3656; baseline 0.003 -22"><span class='ocrx_word' id='word_1_235' title='bbox 350 3569 452 3634; x_wconf 89' lang='lat' dir='ltr'>titulis</span> <span class='ocrx_word' id='word_1_236' title='bbox 476 3570 575 3652; x_wconf 91' lang='lat' dir='ltr'>iisque</span> <span class='ocrx_word' id='word_1_237' title='bbox 597 3571 799 3655; x_wconf 87' lang='lat' dir='ltr'>gravissimis,</span> <span class='ocrx_word' id='word_1_238' title='bbox 833 3571 989 3636; x_wconf 90' lang='lat' dir='ltr'>Marmore</span> <span class='ocrx_word' id='word_1_239' title='bbox 1020 3570 1230 3638; x_wconf 83' lang='lat' dir='ltr'>Sanduioensi</span> <span class='ocrx_word' id='word_1_240' title='bbox 1263 3574 1307 3656; x_wconf 87' lang='lat' dir='ltr'>(n.</span> <span class='ocrx_word' id='word_1_241' title='bbox 1341 3570 1417 3654; x_wconf 86' lang='grc'>125)</span> <span class='ocrx_word' id='word_1_242' title='bbox 1448 3573 1480 3637; x_wconf 89' lang='lat' dir='ltr'>et</span> 
     </span>
     <span class='ocr_line' id='line_1_31' title="bbox 352 3669 1479 3760; baseline 0 -22"><span class='ocrx_word' id='word_1_243' title='bbox 352 3669 604 3738; x_wconf 82' lang='lat' dir='ltr'>Cartbaoeneium</span> <span class='ocrx_word' id='word_1_244' title='bbox 626 3672 677 3738; x_wconf 92' lang='lat' dir='ltr'>tit.</span> <span class='ocrx_word' id='word_1_245' title='bbox 693 3692 723 3740; x_wconf 92' lang='lat' dir='ltr'>n.</span> <span class='ocrx_word' id='word_1_246' title='bbox 742 3672 792 3752; x_wconf 85' lang='lat'>14,</span> <span class='ocrx_word' id='word_1_247' title='bbox 809 3673 862 3756; x_wconf 93' lang='lat' dir='ltr'>qui</span> <span class='ocrx_word' id='word_1_248' title='bbox 877 3673 1015 3738; x_wconf 84' lang='lat' dir='ltr'>eontinet</span> <span class='ocrx_word' id='word_1_249' title='bbox 1030 3673 1165 3740; x_wconf 89' lang='lat' dir='ltr'>rationes</span> <span class='ocrx_word' id='word_1_250' title='bbox 1183 3673 1382 3760; x_wconf 83' lang='lat' dir='ltr'>quaestorum</span> <span class='ocrx_word' id='word_1_251' title='bbox 1396 3675 1479 3740; x_wconf 92' lang='lat' dir='ltr'>tem-</span> 
     </span>
     <span class='ocr_line' id='line_1_32' title="bbox 351 3773 714 3858; baseline 0 -18"><span class='ocrx_word' id='word_1_252' title='bbox 351 3773 397 3858; x_wconf 91' lang='lat' dir='ltr'>pli</span> <span class='ocrx_word' id='word_1_253' title='bbox 419 3773 575 3858; x_wconf 80' lang='lat' dir='ltr'>Apollinis</span> <span class='ocrx_word' id='word_1_254' title='bbox 596 3773 714 3858; x_wconf 86' lang='lat' dir='ltr'>Pythii.</span> 
     </span>
    </p>

    <p class='ocr_par' dir='ltr' id='par_1_8' title="bbox 351 3875 1620 4270">
     <span class='ocr_line' id='line_1_33' title="bbox 454 3875 1481 3962; baseline 0 -20"><span class='ocrx_word' id='word_1_255' title='bbox 454 3878 503 3942; x_wconf 88' lang='lat' dir='ltr'>Ao</span> <span class='ocrx_word' id='word_1_256' title='bbox 524 3877 562 3944; x_wconf 87' lang='lat' dir='ltr'>de</span> <span class='ocrx_word' id='word_1_257' title='bbox 584 3877 684 3960; x_wconf 87' lang='lat' dir='ltr'>priore</span> <span class='ocrx_word' id='word_1_258' title='bbox 707 3875 833 3960; x_wconf 86' lang='lat' dir='ltr'>quidem</span> <span class='ocrx_word' id='word_1_259' title='bbox 853 3877 948 3944; x_wconf 87' lang='lat' dir='ltr'>titulo</span> <span class='ocrx_word' id='word_1_260' title='bbox 978 3897 1039 3944; x_wconf 93' lang='lat' dir='ltr'>non</span> <span class='ocrx_word' id='word_1_261' title='bbox 1070 3879 1118 3944; x_wconf 91' lang='lat' dir='ltr'>est</span> <span class='ocrx_word' id='word_1_262' title='bbox 1149 3877 1231 3961; x_wconf 86' lang='lat' dir='ltr'>quod</span> <span class='ocrx_word' id='word_1_263' title='bbox 1261 3877 1353 3962; x_wconf 86' lang='lat' dir='ltr'>plura</span> <span class='ocrx_word' id='word_1_264' title='bbox 1384 3876 1481 3944; x_wconf 82' lang='lat' dir='ltr'>uerbo</span> 
     </span>
     <span class='ocr_line' id='line_1_34' title="bbox 351 3978 1481 4058; baseline 0 -14"><span class='ocrx_word' id='word_1_265' title='bbox 351 3979 482 4058; x_wconf 88' lang='lat' dir='ltr'>faoiam;</span> <span class='ocrx_word' id='word_1_266' title='bbox 506 3980 554 4045; x_wconf 91' lang='lat' dir='ltr'>est</span> <span class='ocrx_word' id='word_1_267' title='bbox 576 3978 659 4044; x_wconf 87' lang='lat' dir='ltr'>eninr</span> <span class='ocrx_word' id='word_1_268' title='bbox 681 3980 872 4046; x_wconf 88' lang='lat' dir='ltr'>notissimus.</span> <span class='ocrx_word' id='word_1_269' title='bbox 917 3980 1048 4046; x_wconf 91' lang='lat' dir='ltr'>Ineunte</span> <span class='ocrx_word' id='word_1_270' title='bbox 1071 3982 1153 4045; x_wconf 89' lang='lat' dir='ltr'>enirn</span> <span class='ocrx_word' id='word_1_271' title='bbox 1177 3979 1221 4044; x_wconf 86' lang='lat' dir='ltr'>IV</span> <span class='ocrx_word' id='word_1_272' title='bbox 1244 3998 1272 4046; x_wconf 91' lang='lat' dir='ltr'>a.</span> <span class='ocrx_word' id='word_1_273' title='bbox 1288 3979 1360 4046; x_wconf 84' lang='lat' dir='ltr'>chr.</span> <span class='ocrx_word' id='word_1_274' title='bbox 1383 3999 1409 4046; x_wconf 91' lang='lat' dir='ltr'>s.</span> <span class='ocrx_word' id='word_1_275' title='bbox 1426 3978 1481 4045; x_wconf 84' lang='lat' dir='ltr'>(lei</span> 
     </span>
     <span class='ocr_line' id='line_1_35' title="bbox 351 4081 1620 4170; baseline 0.002 -24"><span class='ocrx_word' id='word_1_276' title='bbox 351 4082 472 4148; x_wconf 88' lang='lat' dir='ltr'>insulae</span> <span class='ocrx_word' id='word_1_277' title='bbox 494 4081 636 4148; x_wconf 76' lang='lat' dir='ltr'>ciuitates</span> <span class='ocrx_word' id='word_1_278' title='bbox 658 4101 721 4148; x_wconf 90' lang='lat' dir='ltr'>una</span> <span class='ocrx_word' id='word_1_279' title='bbox 742 4101 779 4148; x_wconf 87' lang='lat' dir='ltr'>er</span> <span class='ocrx_word' id='word_1_280' title='bbox 801 4086 919 4150; x_wconf 88' lang='lat' dir='ltr'>aerario</span> <span class='ocrx_word' id='word_1_281' title='bbox 941 4083 1098 4170; x_wconf 90' lang='lat' dir='ltr'>Apollinis</span> <span class='ocrx_word' id='word_1_282' title='bbox 1113 4083 1196 4148; x_wconf 90' lang='lat' dir='ltr'>Delii</span> <span class='ocrx_word' id='word_1_283' title='bbox 1210 4083 1357 4167; x_wconf 88' lang='lat' dir='ltr'>poounias</span> <span class='ocrx_word' id='word_1_284' title='bbox 1372 4101 1479 4168; x_wconf 89' lang='lat' dir='ltr'>sump-</span> <span class='ocrx_word' id='word_1_285' title='bbox 1619 4099 1620 4126; x_wconf 62' lang='grc' dir='ltr'><strong>ι</strong></span> 
     </span>
     <span class='ocr_line' id='line_1_36' title="bbox 352 4184 1479 4270; baseline -0.001 -19"><span class='ocrx_word' id='word_1_286' title='bbox 352 4187 458 4251; x_wconf 88' lang='lat' dir='ltr'>serunt</span> <span class='ocrx_word' id='word_1_287' title='bbox 478 4185 613 4251; x_wconf 89' lang='lat' dir='ltr'>mutuas.</span> <span class='ocrx_word' id='word_1_288' title='bbox 658 4184 834 4252; x_wconf 84' lang='lat' dir='ltr'>Secundum</span> <span class='ocrx_word' id='word_1_289' title='bbox 855 4185 999 4268; x_wconf 89' lang='lat' dir='ltr'>rationes,</span> <span class='ocrx_word' id='word_1_290' title='bbox 1022 4203 1100 4270; x_wconf 85' lang='lat' dir='ltr'>quae</span> <span class='ocrx_word' id='word_1_291' title='bbox 1131 4186 1164 4251; x_wconf 90' lang='lat' dir='ltr'>in</span> <span class='ocrx_word' id='word_1_292' title='bbox 1194 4185 1299 4269; x_wconf 79' lang='lat' dir='ltr'>lapide</span> <span class='ocrx_word' id='word_1_293' title='bbox 1331 4185 1387 4253; x_wconf 91' lang='lat' dir='ltr'>illo</span> <span class='ocrx_word' id='word_1_294' title='bbox 1409 4203 1479 4270; x_wconf 90' lang='lat' dir='ltr'>per·</span> 
     </span>
    </p>
   </div>
   <div class='ocr_carea' id='block_1_6' title="bbox 455 4407 1044 4478">
    <p class='ocr_par' dir='ltr' id='par_1_9' title="bbox 455 4407 1044 4478">
     <span class='ocr_line' id='line_1_37' title="bbox 455 4407 1044 4478; baseline -0.005 -12"><span class='ocrx_word' id='word_1_295' title='bbox 455 4407 481 4478; x_wconf 84' lang='lat'>1)</span> <span class='ocrx_word' id='word_1_296' title='bbox 501 4408 534 4464; x_wconf 84' lang='lat' dir='ltr'>ol.</span> <span class='ocrx_word' id='word_1_297' title='bbox 552 4409 669 4466; x_wconf 83' lang='lat' dir='ltr'>Hermes</span> <span class='ocrx_word' id='word_1_298' title='bbox 688 4409 715 4464; x_wconf 91' lang='lat' dir='ltr'>V</span> <span class='ocrx_word' id='word_1_299' title='bbox 732 4408 822 4476; x_wconf 82' lang='grc'>(1871)</span> <span class='ocrx_word' id='word_1_300' title='bbox 840 4422 866 4478; x_wconf 91' lang='lat' dir='ltr'>p.</span> <span class='ocrx_word' id='word_1_301' title='bbox 885 4407 920 4464; x_wconf 87' lang='lat' dir='ltr'>1e</span> <span class='ocrx_word' id='word_1_302' title='bbox 937 4408 966 4464; x_wconf 90' lang='lat' dir='ltr'>et</span> <span class='ocrx_word' id='word_1_303' title='bbox 983 4408 1044 4466; x_wconf 85' lang='grc'>328.</span> 
     </span>
    </p>
   </div>
   <div class='ocr_carea' id='block_1_7' title="bbox 0 0 1660 5304">
    <p class='ocr_par' dir='ltr' id='par_1_10' title="bbox 0 0 1660 5304">
     <span class='ocr_line' id='line_1_38' title="bbox 0 0 1660 5304; baseline 0 0"><span class='ocrx_word' id='word_1_304' title='bbox 0 0 1660 5304; x_wconf 95' lang='lat' dir='ltr'> </span> 
     </span>
    </p>
   </div>
  </div>
 </body>
</html>
