3298 5304
821 477 884 541 140

286 682 369 748 enim
392 678 506 746 dicitur
527 701 556 746 ν.
579 680 601 744 9
624 699 670 763 sq.
693 679 801 744 ἑστιᾶν
831 679 866 743 δὲ
898 679 969 757 τούς
1000 701 1036 744 τε
1066 678 1198 756 πολίτας
1230 683 1287 743 καὶ
1320 681 1414 764 coep

286 787 376 863 πόλις
397 786 561 873 κέκληκεν
592 789 648 850 καὶ
678 789 750 864 τοὺς
784 785 962 872 μετοίκους,
979 787 1035 850 καὶ
1065 790 1137 862 τοὺς
1168 784 1413 869 ἀπελευθέρους,

286 889 366 955 fiunt
397 889 508 955 deinde
539 889 606 954 ludi
638 891 732 972 atquc
765 888 903 974 λαμπάς.
956 889 1125 955 Universos
1157 889 1256 972 igitur
1285 888 1415 971 populus

288 991 490 1058 sollemnibus
513 993 578 1058 illis
612 992 743 1058 interest
774 993 936 1076 omniaque
967 1009 1045 1075 quae
1077 992 1180 1068 attuli,
1213 993 1240 1056 si
1271 1009 1416 1074 pompam

285 1093 549 1160 Panathenaioam
582 1095 747 1179 exceperis,
764 1113 904 1178 ‚prorsus
928 1095 1167 1161 Atheniensium
1190 1093 1415 1158 Panathenceis

286 1197 474 1279 respondent
485 1197 522 1278 ¹).
579 1197 650 1274 Διὸς
684 1195 831 1282 Γευργοῦ
863 1198 968 1264 autem
988 1198 1167 1264 'sollemnia
1202 1197 1285 1262 tanti
1321 1195 1415 1260 fuisse

286 1300 437 1366 momenti
460 1302 598 1383 praecise
620 1319 717 1385 nego;
751 1303 883 1368 Athenis
917 1302 946 1366 ci
967 1301 1153 1384 simpliciter
1174 1299 1320 1382 penitima
1342 1299 1415 1363 olie-

285 1403 398 1468 rebant
408 1401 444 1486 ²).
489 1401 660 1471 Sollemniu
682 1407 738 1471 illa
759 1407 867 1490 magni
888 1407 984 1471 fulsse
1007 1401 1156 1471 momenti
1174 1403 1308 1485 probant
1321 1401 1416 1466 etlam

287 1525 332 1585 ea,
356 1525 435 1589 quae
458 1508 496 1572 ‹Ie
519 1509 756 1592 gymnasiarcho
780 1509 1111 1590 exercitationibusque
1134 1507 1324 1572 statuuntur.
1354 1503 1415 1568 Ro·

287 1610 352 1674 stat
368 1608 498 1691 deanue
514 1612 732 1693 argumentum
747 1613 843 1696 idque
856 1613 1086 1698 gravissimum.
1105 1610 1252 1692 Legimus
1266 1627 1296 1673 ν.
1311 1606 1354 1670 33
1369 1625 1414 1688 eq.

287 1711 328 1772 τὰ
350 1709 385 1773 δὲ
404 1709 489 1774 ὅπλα
504 1713 758 1795 παρασκευάζειν
773 1719 844 1792 τοὺς
866 1713 1055 1802 προβούλους
1070 1715 1141 1789 τοὺς
1155 1710 1304 1790 ἐξιόντας.
1335 1709 1415 1790 Quid

288 1801 467 1895 elgnifieent
488 1813 545 1878 illa
566 1815 685 1880 verba?
729 1816 871 1884 Editores
894 1837 960 1883 rem
982 1817 1071 1882 illam
1094 1815 1217 1898 silentio
1247 1811 1414 1898 praeterie-

287 1915 370 1980 runt.
415 1915 552 1982 Koehler
575 1919 679 1984 autem
701 1920 734 1984 in
756 1921 871 1986 litteris
905 1920 944 1985 ed
977 1937 1027 1985 me
1059 1917 1139 1984 datis
1171 1917 1253 1983 reete
1285 1913 1415 1981 coniecit

286 2035 323 2082 ex
353 2019 455 2084 verbis
486 2019 560 2100 illis,
596 2023 759 2088 sollemnia
792 2024 849 2089 illa
880 2023 1007 2090 ineunte
1040 2041 1119 2088 enno
1150 2037 1218 2086 esse
1249 2017 1412 2084 celebrata.

286 2120 396 2204 Itaque
419 2142 456 2188 ex
477 2125 579 2190 verbis
601 2125 667 2190 illis
690 2126 813 2210 colligo,
846 2126 979 2193 Oecrum
1002 2143 1117 2190 annum
1139 2123 1178 2188 ab
1200 2120 1329 2186 hiemali
1351 2119 1413 2184 sol·

287 2223 373 2288 stitio
394 2226 556 2309 incepisse,
579 2228 613 2292 id
636 2230 718 2311 quod
740 2231 840 2296 adhuc
862 2231 929 2296 eret
950 2231 1110 2313 ignotum3
1133 2225 1320 2307 sedprimus
1339 2222 1414 2288 Oeo-

285 2341 355 2390 rum
376 2331 492 2395 mensis
524 2332 629 2396 utrum
656 2333 893 2400 Atheniensium
918 2332 1106 2409 Gemelloni,
1136 2330 1219 2396 sicut
1248 2329 1281 2392 in
1313 2325 1414 2391 insula

285 2426 375 2506 Delo,
398 2449 437 2495 cn
460 2432 626 2498 Posideoni
648 2438 852 2517 responderit,
885 2436 975 2501 hodic
1007 2435 1131 2518 quidem
1163 2431 1332 2497 diiudicare
1354 2445 1414 2494 non

286 2545 460 2610 possumus.

389 2634 456 2700 Iam
471 2655 551 2703 'vcro
572 2639 652 2704 mihi
673 2640 768 2706 lineat
789 2660 901 2708 noram
925 2643 1133 2708 conlecturem
1155 2640 1299 2723 prolerre,
1335 2651 1414 2716 quse

285 2735 344 2800 etsi
367 2755 428 2803 non
451 2742 499 2806 est
520 2743 703 2822 certissima,
738 2748 843 2811 tamen
867 2764 928 2810 non
951 2745 1017 2810 siue
1040 2745 1145 2827 eliqua
1176 2745 1225 2809 est
1247 2745 1415 2826 probabili-

284 2837 360 2905 tatis
382 2844 496 2924 specie.
539 2845 717 2913 Herodotus
739 2847 818 2913 VIII
839 2847 891 2926 98,
915 2848 970 2912 ubi
992 2848 1029 2913 de
1051 2847 1217 2912 Persarum
1240 2867 1333 2914 eursu
1355 2867 1415 2931 pu-

284 2941 366 3008 blico
389 2945 594 3032 (ἀγγαρήιον)
616 2950 709 3016 verba
731 2950 817 3028 facit,
849 2951 1009 3032 comparat
1037 2969 1108 3014 eum
1131 2967 1202 3015 cum
1226 2949 1413 3017 Graecorum

285 3044 429 3128 lampade
460 3049 493 3112 in
525 3049 671 3115 honorem
694 3052 825 3117 Volcani
856 3053 1015 3139 [κατάπερ
1036 3052 1176 3139 Ἕλλησι
1198 3053 1220 3138 ἡ
1244 3053 1414 3140 λαμπαδη-

285 3146 377 3234 φορίη
401 3151 460 3234 τὴν
483 3159 527 3236 τῷ
550 3150 713 3238 Ἡφαίστῳ
736 3154 958 3238 ἐπιτελέουσι).
1003 3157 1050 3220 Ex
1071 3156 1174 3221 verbis
1196 3157 1261 3221 illis
1277 3158 1338 3222 etsi
1353 3175 1414 3223 non

284 3249 417 3317 efficitur
439 3253 585 3336 lampada
607 3256 698 3321 illam
720 3257 820 3322 solam
845 3258 1002 3324 Herodoto
1033 3259 1129 3323 fuisse
1162 3259 1277 3336 notem,
1308 3261 1415 3325 tumen

284 3371 321 3418 en
337 3371 389 3433 eo,
412 3359 493 3440 quod
516 3379 585 3425 eam
608 3360 709 3442 ipsam
741 3363 851 3429 attulit
883 3382 982 3446 neque
1004 3361 1166 3448 'Athones
1197 3362 1252 3428 sed
1274 3361 1415 3450 Ἕλλησι

285 3458 423 3540 scripsit,
448 3461 594 3546 colljgere
616 3481 789 3545 possumus,
821 3463 983 3548 lampades
1004 3466 1037 3529 In
1058 3466 1205 3530 honorem
1229 3464 1360 3530 Volcani
1381 3465 1415 3530 ln

285 3562 434 3629 Graeciae
456 3565 635 3631 civitatibus
657 3567 782 3650 longius
804 3567 959 3650 latiusque
979 3568 1127 3650 patuisse.
1166 3567 1315 3634 Polemon
1332 3567 1415 3651 apud

259 3665 433 3747 .Harpocr.
466 3685 490 3732 s.
523 3688 554 3732 ν.
580 3668 708 3754 λαμπάς
739 3670 944 3736 Athenienses
976 3674 1040 3736 tres
1071 3670 1234 3753 lampadas
1266 3670 1413 3736 hahuisse

283 3767 376 3833 dicit:
421 3767 659 3856 Παναθηναίοις
695 3774 750 3834 καὶ
780 3769 973 3854 Ἡφαιστίοις
1004 3773 1060 3834 καὶ
1091 3769 1315 3856 Προμηθεῑοις.
1363 3773 1410 3838 De

282 3871 425 3938 Minerva
446 3872 499 3939 hic
521 3875 652 3956 cogitari
683 3893 742 3940 non
774 3893 866 3958 posse
888 3893 981 3957 supra
1003 3874 1112 3953 docni3
1145 3893 1243 3956 neque
1274 3875 1411 3941 eaPro·

282 3976 407 4043 methea
427 3975 524 4042 fuisse
547 3979 696 4059 possunt:
719 3979 840 4042 restent
861 3995 934 4061 ergo
956 3975 1138 4060 Ἧιραίστια.
1179 3976 1308 4042 Praeter
1327 3977 1412 4043 vete·

282 4097 353 4144 rum
374 4080 560 4163 scriptomm
582 4081 772 4159 testimonla,
797 4079 867 4159 duo,
902 4082 983 4163 quod
1005 4082 1112 4156 scien,
1145 4080 1350 4146 innotuerunt
1370 4081 1413 4146 ti-

385 4316 411 4386 1)
431 4319 464 4372 cf.
479 4319 671 4383 eremovim,
686 4319 803 4374 Hermes
818 4319 898 4373 XXII
908 4333 934 4388 p.
951 4320 1021 4383 22&
1040 4319 1164 4388 StengeI,
1182 4320 1199 4373 l.
1215 4319 1232 4374 l
1245 4333 1271 4387 p.
1284 4319 1327 4383 80,
1341 4320 1357 4386 5
1369 4319 1413 4373 67.

384 4401 722 4472 mmstlhfflw
