3322 5302
770 505 812 570 67

694 600 896 614 -.....---

232 715 345 797 potest.
368 712 491 797 Πέτρας
511 714 633 781 tantum
649 731 747 797 pagus
764 702 852 778 'haud
875 711 967 778 dubie
988 711 1021 777 in
1044 711 1213 778 meridiana
1235 711 1357 778 insulae

232 817 322 900 parte
355 816 433 882 situs
466 815 543 894 erat,
566 833 639 882 nam
671 815 757 897 regio
788 813 844 880 illa
875 813 966 882 hodie
1000 832 1120 898 qnoque
1142 815 1271 882 vocatur
1292 811 1355 878 Πε-

232 928 382 1002 τροῠσσα.
428 916 554 985 (leteros
577 919 680 1001 potius
703 918 814 984 missos
837 917 999 984 iaciamus,

336 1018 455 1100 Quibus
486 1021 577 1086 rebus
610 1019 757 1102 expositis
789 1019 866 1084 satis
900 1018 1040 1086 docuisse
1063 1019 1177 1098 videor,
1200 1019 1232 1084 in
1255 1019 1357 1086 insula

233 1122 295 1188 (loo
325 1123 474 1206 populum
505 1123 602 1188 etiam
634 1123 666 1188 in
697 1122 817 1201 tribua,
850 1139 966 1207 pagos,
997 1121 1151 1205 phratrias
1174 1121 1357 1205 discriptum

233 1223 349 1302 inisse;
386 1225 483 1290 etiam
504 1225 630 1291 nomina
653 1223 806 1307 quaedam
828 1242 887 1290 non
911 1223 977 1292 siue
1001 1223 1105 1306 aliqua
1127 1223 1357 1306 probabilitatis

233 1327 337 1410 specie
371 1328 403 1392 et
433 1326 473 1392 ad
504 1345 601 1412 pagos
623 1327 655 1392 et
687 1325 728 1392 ad
749 1326 905 1410 phratrias
926 1325 1036 1391 referri
1059 1326 1210 1409 poterant.
1255 1325 1358 1392 Verbo

232 1429 322 1505 οῐκος
343 1428 516 1510 phratriam
538 1428 708 1512 significari
730 1427 856 1494 conieci.
889 1426 1043 1494 Confiteor
1065 1427 1201 1510 quidem,
1223 1446 1273 1492 me
1294 1428 1358 1511 pri·

234 1550 286 1598 mo
308 1532 466 1615 paulisper
489 1531 649 1598 dubitasse
672 1550 711 1596 en
732 1531 848 1598 rectius
871 1530 999 1596 verbnm
1020 1531 1107 1608 οἰκος
1129 1531 1169 1596 ad
1190 1549 1288 1615 pagos
1310 1549 1359 1596 re·

234 1635 308 1700 ferri
331 1635 430 1718 possit
452 1635 553 1714 (οἰκος
570 1663 609 1691 =
625 1635 737 1711 Εοῐκος
752 1661 793 1692 =
809 1634 896 1700 deus
912 1661 952 1691 =
966 1633 1100 1716 Benirk),
1123 1653 1197 1700 nam
1219 1633 1359 1716 perraria

235 1737 359 1803 exstant
391 1738 553 1822 regionum
583 1738 726 1816 nomina,
758 1739 794 1803 ut
824 1745 938 1822 χῶρος,
963 1735 1074 1822 δῆμος,
1099 1735 1206 1823 κώμη,
1231 1745 1356 1819 κτοῖνα,

236 1838 370 1923 τριττὺς,
396 1839 446 1906 vel
468 1840 499 1906 in
522 1840 650 1906 urbibus
673 1839 834 1922 πλατεῖαι,
859 1835 956 1921 τόνοι,
980 1838 1102 1922 πύργοι.
1150 1837 1360 1905 Nihilominus

237 1941 364 2008 verbum
395 1942 482 2018 οῖκος
514 1942 629 2008 rectius
662 1941 701 2007 ad
732 1942 885 2024 phratrias
917 1940 1111 2006 referendum
1143 1959 1209 2006 esse
1240 1958 1361 2026 censeo,

238 2045 312 2128 qnia
343 2045 375 2110 et
408 2064 517 2112 nomen
551 2044 631 2111 illud
653 2046 697 2110 ita
719 2045 841 2110 facibus
864 2043 1010 2127 explicari
1033 2045 1188 2128 potestat
1210 2044 1258 2126 (id
1280 2045 1362 2127 quod
1391 2045 1394 2051 “

238 2147 457 2232 grauissimum
480 2149 540 2231 est)
574 2149 607 2212 in
639 2147 780 2214 omnihus
812 2147 991 2214 ciuitatibus
1012 2147 1133 2214 ionicis
1164 2147 1283 2212 ciuibus
1305 2147 1361 2213 ad·

239 2251 405 2334 scripticiis
436 2251 629 2333 permittitur
658 2251 773 2316 tribum
807 2250 867 2316 sihi
898 2251 929 2316 et
960 2250 1132 2333 phratriam
1154 2251 1277 2335 eligere,
1301 2269 1361 2316 non

237 2353 355 2420 tribum
377 2355 409 2420 et
431 2371 556 2438 pagum,
573 2372 635 2435 qua
650 2352 688 2418 de
702 2372 735 2418 re
751 2372 844 2435 supra
867 2353 993 2418 uberius
1016 2352 1191 2435 disputavi:
1214 2354 1246 2418 in
1268 2352 1362 2420 titulo

237 2456 341 2522 antem
365 2456 420 2522 illo
444 2457 488 2540 (n.
514 2455 568 2539 16)
606 2457 757 2539 seriptum
791 2457 840 2522 est
872 2458 923 2520 rut
945 2456 1048 2540 φυλῆς
1069 2459 1108 2541 ἧς
1130 2457 1169 2520 ἂν
1190 2454 1362 2542 βούλωνται

238 2559 294 2622 καὶ
315 2559 416 2622 οῐκου.

342 2661 413 2726 Non
446 2661 581 2727 alienum
604 2661 727 2727 videtur·
758 2679 1007 2741 commemorare,
1041 2660 1094 2728 Cei
1116 2662 1260 2727 mulieres
1283 2661 1364 2726 sicut

240 2763 384 2842 Athenis,
406 2783 461 2848 per
493 2783 614 2830 omnem
645 2764 729 2830 haud
762 2763 855 2831 dubie
877 2765 974 2832 uitam
1007 2767 1073 2832 iure
1104 2765 1228 2847 publice
1252 2763 1364 2846 agendi

239 2868 386 2946 caruisse,
409 2866 539 2950 ideoque
562 2886 633 2934 snos
654 2868 800 2934 hahuisse
822 2867 946 2952 κυρίους
960 2868 996 2952 ¹).

344 2968 404 3035 Sed
427 2968 465 3036 de
487 2968 541 3036 Cei
562 2971 682 3036 insulae
705 2969 824 3037 civibus
855 2971 931 3036 satis
961 2970 1080 3036 dictum
1110 2971 1174 3050 est;
1209 2969 1362 3052 deinceps,

240 3073 365 3138 uteret
388 3073 590 3156 propositum,
614 3073 715 3138 cetera
745 3072 907 3139 hominum
939 3071 991 3138 (lei
1022 3072 1230 3140 habitantium
1252 3090 1365 3156 genera

239 3175 402 3240 tractanda
424 3179 506 3242 sunt.
560 3179 609 3241 Ac
639 3177 773 3258 primurn
798 3174 922 3259 quidem
954 3174 992 3241 de
1024 3175 1119 3242 servis
1150 3175 1364 3258 libertinisque

242 3295 341 3358 panon
362 3277 480 3344 adferre
502 3279 580 3343 mihi
600 3278 704 3344 liceat.
758 3280 845 3344 Serri
875 3280 1155 3344 commemorantur
1184 3280 1215 3342 in
1247 3277 1365 3344 duobus

241 3381 365 3444 tantm
386 3379 517 3445 decretis
541 3389 583 3455 (n.
608 3380 648 3444 15
670 3383 702 3446 et
724 3400 755 3446 n.
780 3379 867 3462 128).
920 3381 954 3446 ln
978 3381 1078 3462 priore
1100 3379 1222 3446 decreto
1245 3380 1287 3463 (n.
1312 3379 1365 3462 15)

240 3482 376 3548 curatori
398 3482 492 3548 fontir
515 3481 607 3548 datur
628 3483 766 3564 potestas
788 3501 891 3550 servos
924 3482 1124 3549 verberandi:
1157 3481 1261 3566 κύριος
1283 3483 1366 3547 ἔστω

242 3583 260 3648 ὁ
297 3584 511 3672 ἐπιμελητὴς.
527 3634 534 3650 .
550 3633 582 3650 ..
608 3588 678 3663 τοὺς
700 3585 727 3649 δ’
760 3584 838 3674 ἐπῇ]
873 3584 1047 3674 (τ)[όπ]ους
1083 3583 1366 3673 (κ)[αταληπ]τοὺς

242 3687 368 3764 οἰκέτας
390 3688 531 3775 πληγαῖς
552 3689 700 3769 κολάζων
710 3690 746 3774 ²).
790 3690 826 3754 ln
850 3690 948 3756 altero
971 3690 1094 3756 decreto
1118 3689 1160 3772 (n.
1187 3689 1262 3770 128)
1286 3690 1366 3754 serui

242 3791 394 3857 delatores
417 3793 595 3858 manumitti
617 3793 781 3870 iubentur;
805 3793 965 3874 indicium,
990 3793 1071 3876 quod
1092 3793 1139 3858 illi
1163 3792 1365 3872 accipiebant,

243 3892 398 3960 diuersum
422 3895 488 3960 erat
509 3897 600 3974 prout
623 3897 703 3962 serui
725 3896 774 3962 illi
796 3897 851 3962 aut
872 3914 977 3962 eorum
1008 3897 1104 3974 erant,
1137 3895 1190 3978 qui
1212 3893 1365 3958 rubricam

243 3998 350 4063 contra
371 3997 456 4081 leges
479 3999 691 4080 asportabant,
713 4000 767 4064 ant
798 4001 968 4066 ceterorum
999 3999 1120 4064 insulae
1142 3998 1274 4064 civium:
1313 3996 1368 4062 sed

348 4254 373 4322 1)
392 4254 426 4310 oi.
445 4255 487 4308 tit.
507 4269 533 4308 n.
554 4253 588 4308 14
605 4253 719 4322 passim.
826 4295 829 4300 Δ

346 4341 373 4408 2)
393 4340 540 4406 Quomodo
566 4340 676 4395 harield
704 4339 794 4409 (Burs.
813 4340 876 4394 dhb.
897 4341 972 4405 1889,
1000 4342 1054 4396 vol.
1080 4339 1115 4394 60
1132 4355 1157 4407 p.
1177 4339 1237 4395 dssdl
1266 4339 1355 4392 οἰκέτα

244 4425 291 4480 hic
308 4427 394 4480 etlam
411 4426 447 4482 ad
464 4427 603 4494 ingenuos
622 4426 728 4482 reterre
746 4427 877 4494 potuerit,
897 4441 953 4482 non
972 4427 1115 4494 intellego.

1175 4529 1213 4582 ⁵·
