3322 5302
747 466 812 529 lll-

204 690 253 736 rus
276 688 309 735 ss
331 669 426 734 habet
446 674 477 733 in
502 669 598 733 altem
622 668 723 751 capito
734 669 773 753 ¹).
796 669 874 753 Agit
889 671 1073 736 Aristoteles
1089 672 1134 737 ibi
1156 671 1194 739 de
1216 671 1335 739 dinetu-

205 774 247 838 iis
270 774 362 855 atque
386 773 404 854 §
428 769 448 834 2
470 771 546 836 haec
570 772 694 837 scribit:
719 771 747 836 οἱ
769 773 804 836 δὲ
826 777 883 852 (ss.
899 773 1071 860 διαιτηταί)
1083 774 1333 862 παραλαβόντες,

205 877 262 940 ἐὰν
286 877 330 960 μὴ
353 874 503 938 δύνωνται
535 875 693 958 διαλῦσαι,
729 875 954 960 γιγνώσκουσι,
989 880 1049 943 κᾶν
1072 881 1128 964 μέν
1150 879 1336 964 ἀμφοτέροις

205 977 327 1062 ἀρέσκη
350 979 392 1040 τὰ
413 976 599 1060 γνωσθέντα
621 980 677 1041 καὶ
699 977 883 1063 ἐμμένωσιν,
918 980 989 1065 ἔχει
1020 979 1110 1057 τέλος
1131 980 1153 1064 ἡ
1176 981 1263 1066 δίκη.
1288 983 1335 1046 ἂν

206 1080 271 1144 δ’ὁ
303 1080 453 1164 έτερος
484 1079 561 1164 ἐφη
596 1089 675 1144 τῶν
707 1081 939 1146 ἀντιδίκων
973 1083 1033 1159 εἰς
1063 1085 1108 1146 τὸ
1131 1083 1334 1169 δικαστή-

205 1204 307 1268 ριον,
333 1182 486 1248 diunisiae
502 1183 606 1248 omnia
620 1184 839 1266 probationum
854 1184 1061 1251 instrumenta
1075 1187 1108 1250 in
1127 1187 1246 1252 duabus
1261 1205 1335 1268 sup-

207 1286 283 1352 suiis
307 1286 421 1351 clausis
444 1287 677 1370 obsignatisque
699 1289 755 1351 καὶ
776 1289 836 1372 την
858 1287 987 1373 ιι[ρ1σι]ν
1010 1290 1069 1374 την
1095 1299 1151 1353 τοῦ
1173 1289 1334 1376 διαιτητοῦ

206 1387 427 1474 γεγραμμένην
440 1388 473 1453 έν
487 1388 690 1474 γραμματείῳ
706 1389 980 1475 τροσαρτήσαντες
989 1391 1195 1476 παραδιδόασι
1210 1392 1334 1478 [πάλιν]

207 1501 272 1568 τοῖς
294 1493 352 1576 την
375 1491 481 1577 φυλὴν
502 1501 558 1556 τοῦ
581 1491 750 1576 φεύγοντος
772 1492 966 1572 δικάζουσιν.
992 1494 1021 1558 οἱ
1043 1494 1078 1558 δὲ
1100 1495 1337 1582 παραλαβόντες

207 1594 386 1680 εἰσάγουσιν
409 1594 452 1670 εἰς
473 1597 509 1658 τὸ
531 1594 745 1680 δικαστήριον.
790 1596 995 1678 Inspiciamus
1018 1598 1127 1663 statim
1141 1599 1236 1662 eiiam
1259 1599 1334 1681 §62

208 1699 293 1762 ἔστιν
315 1698 350 1762 δὲ
373 1700 429 1762 καὶ
444 1696 663 1782 εἰσαγγέλλειν
678 1697 721 1775 εἰς
737 1700 809 1775 τοὺς
824 1699 986 1785 διαιτητάς
998 1699 1034 1783 ²),
1058 1700 1113 1765 ἐάν
1128 1721 1173 1777 τις
1188 1701 1333 1787 ἀδικηθῇ

206 1800 267 1863 ὑπὸ
289 1809 344 1863 τοῦ
366 1800 539 1885 διαιτητοῦ,
566 1802 627 1864 κᾶν
650 1821 732 1876 τινος
760 1809 972 1885 καταγνῶσιν,
1006 1801 1199 1887 ἀτιμοῦσθαι
1222 1802 1334 1867 κελεῦ-

206 1923 293 1967 ουσιν
315 1901 344 1966 οἱ
367 1901 479 1987 νόμοι·
500 1903 652 1986 ἔφεσις
674 1900 701 1964 δ’
723 1901 817 1966 ἐστὶ
839 1903 1110 1979 καὶτούτοις.
1156 1904 1194 1969 R.
1211 1903 1336 1971 Schosll

207 2009 240 2074 si
262 2007 512 2090 Wilamoviiffl),
534 2008 588 2090 qui
610 2008 669 2072 sisi
692 2025 753 2072 non
775 2007 955 2074 Aristotelis
981 2008 1106 2086 librum,
1137 2010 1242 2073 iumen
1265 2026 1335 2073 oru-

206 2114 310 2177 mrum
333 2112 426 2193 utque
448 2110 724 2193 grammaticorum
739 2110 823 2176 locos
839 2111 899 2175 huo
922 2109 1151 2194 pertinentus⁴)
1174 2111 1335 2190 noverunt,

208 2214 247 2279 ds
269 2215 485 2298 provocatione
507 2213 559 2279 hic
581 2211 633 2296 agi
663 2216 872 2296 negaverunt:
909 2214 1154 2297 „provocationis
1186 2213 1273 2278 nulla
1302 2213 1336 2278 in

207 2318 273 2382 iure
287 2316 393 2382 Attico
409 2316 561 2400 usstigia‘*
582 2315 732 2400 (Schoell)
743 2339 751 2395 ;
778 2335 858 2393 „wer
881 2316 948 2382 sich
969 2317 1020 2381 bei
1034 2316 1105 2381 dem
1121 2315 1258 2398 Sprushe
1281 2319 1335 2382 dus

208 2419 466 2510 Schisismannss
476 2458 517 2470 -
529 2419 616 2485 nicht
629 2419 799 2504 buruhigun
814 2421 946 2498 mochis,
957 2419 1028 2485 dum
1037 2419 1130 2486 stand
1139 2419 1193 2486 dur
1203 2420 1335 2486 Rechts-

208 2524 364 2608 mugitui,
389 2524 444 2590 das
465 2524 564 2588 hoissi
586 2522 628 2599 εἰς
651 2522 802 2598 δικαστὰς
824 2523 941 2607 ἐφιέναι
963 2528 1029 2587 τι.“
1072 2524 1197 2608 Lipsius
1214 2525 1246 2590 st
1267 2523 1336 2586 Hu-

208 2627 313 2704 νοντ’)
337 2627 452 2706 contra,
468 2625 580 2692 iisdem
602 2626 679 2691 louis
695 2626 765 2704 nisi,
781 2626 1104 2708 provocationem-hic
1122 2627 1184 2692 disi
1205 2627 1335 2709 putant:

211 2730 336 2815 „ngen
360 2730 410 2794 dis
432 2728 666 2811 Entsuhsidung
688 2728 741 2793 des
764 2728 1105 2813 Diaitstunsollegiums
1131 2749 1195 2794 nar
1216 2729 1336 2811 Appul-

208 2834 307 2899 lntiun
330 2852 369 2898 un
392 2833 482 2898 einen
505 2830 706 2897 Gsriuhtshof
725 2831 904 2914 einzulsgen
927 2831 1109 2914 gestatisi.“
1163 2830 1245 2895 Mihi
1266 2830 1336 2914 qui·

209 2937 281 3001 dem
302 2954 351 3000 res
374 2935 420 3000 iis
442 2953 475 3000 ss
497 2934 611 2998 habers
641 2932 782 2998 videtur:
814 2952 872 2998 vox
902 2933 1007 3017 ἔφεσις
1037 2951 1191 3016 nusquam
1212 2933 1336 3014 propriu

209 3038 458 3121 provocationem
485 3037 653 3122 significan
686 3036 740 3100 sed
773 3036 877 3120 potest
904 3037 1009 3121 ἔφεσις
1039 3036 1196 3101 interdum
1228 3053 1336 3101 exre

209 3143 304 3224 ipsa
325 3141 463 3206 nancisci
484 3160 552 3206 sam
570 3140 735 3218 notionum,
753 3159 845 3224 quam
862 3140 993 3206 Romani
1007 3140 1264 3222 provocationem,
1280 3159 1336 3206 nos

212 3245 452 3328 „Appellation“
467 3245 624 3327 appellare
641 3245 858 3310 consuevimus
869 3243 906 3324 8λ.
929 3242 1029 3323 Quod,
1041 3262 1112 3308 mss
1126 3242 1253 3325 quidem
1268 3262 1336 3307 sen-

212 3385 466 3395 *—

314 3453 339 3518 1)
358 3451 392 3505 cf,
410 3448 527 3504 Aristus.
545 3447 563 3502 1.
581 3447 599 3501 l.
617 3447 691 3510 53,2
708 3447 736 3500 et
754 3447 779 3502 6.

313 3540 340 3605 2)
357 3537 480 3605 Kenyon
496 3536 610 3602 praeter
627 3534 828 3588 nenessitatem
846 3533 967 3588 sonieuit
984 3531 1109 3592 δικαστάς
1124 3547 1175 3600 pro
1193 3533 1335 3603 διαιτητάς,

211 3625 287 3694 quod
304 3625 334 3679 in
352 3624 450 3678 nudius
466 3622 639 3677 Lundinsnsi
657 3621 794 3688 seriptum
812 3612 864 3674 ssi.

313 3711 340 3779 3)
359 3710 393 3764 ui.
412 3709 444 3763 R.
463 3708 583 3772 Suhoell,
601 3707 645 3761 Ds
662 3707 813 3774 synogoris
831 3705 933 3760 Atticis
951 3719 978 3772 p.
998 3705 1047 3769 193
1072 3704 1264 3768 Wilsmovitn,
1281 3703 1300 3758 L
1318 3705 1336 3758 L

313 3881 341 3948 4)
360 3881 394 3934 of.
421 3878 587 3946 (Demosth.)
615 3878 646 3931 in
671 3876 771 3931 Bosut.
799 3890 840 3930 or.
866 3877 909 3940 40,
939 3877 955 3942 5
982 3877 1017 3931 30
1043 3890 1097 3944 sq.;
1115 3877 1249 3945 Harpour.
1268 3891 1290 3930 s.
1308 3889 1336 3931 v.

212 3964 373 4035 εἰσαγγελία.

314 4050 342 4119 6)
360 4051 480 4120 Lipsius
499 4051 516 4104 1
537 4051 555 4104 L
573 4064 599 4118 p.
618 4046 686 4113 3343
704 4048 822 4112 Hubert,
844 4047 887 4102 De
905 4047 1019 4103 arbitris
1035 4046 1137 4100 Atticis
1164 4049 1193 4102 et
1218 4047 1337 4114 privatis

212 4139 242 4193 st
258 4136 389 4206 publius,
406 4137 519 4204 Lipsius
536 4135 605 4190 1885
622 4149 649 4202 p.
666 4134 701 4188 46
719 4147 760 4202 sq.

246 4267 248 4272 ,
314 4222 341 4289 6)
358 4221 475 4276 Ariston
492 4217 582 4290 Ἀθην.
600 4219 659 4274 πολ.
677 4220 694 4273 9
721 4233 780 4274 non
808 4219 853 4272 est
879 4217 954 4285 quod
972 4216 1105 4280 adieram,
1132 4229 1199 4270 nam
1215 4216 1337 4284 verbani

211 4307 252 4366 εἴς
266 4308 297 4359 τὸ
314 4305 498 4376 destinavimus]
516 4304 608 4374 ἔφεσις
623 4305 789 4372 simpliciter
802 4304 838 4358 de
849 4303 992 4358 dolatione
1009 4302 1046 4358 ud
1062 4302 1167 4357 iudicia
1180 4301 1256 4357 dicia
1273 4315 1338 4357 0880

211 4391 394 4447 manifestum
412 4392 463 4448 ost.
