3298 5304
887 477 948 542 136

354 679 455 745 d'Isis.
479 717 520 729 -
542 679 731 747 L'indnenee
753 681 807 746 des
830 679 1006 746 Ptolemees
1028 681 1066 748 fit
1086 681 1239 746 admettre
1261 681 1338 748 dans
1353 683 1382 747 le
1398 681 1486 748 eulte

351 783 459 866 publie
481 782 534 848 des
557 783 634 848 nites
657 801 806 868 greeques
829 783 888 848 Isis
906 784 939 849 et
954 782 1088 866 serapis.
1131 782 1321 850 Neanmnins
1344 785 1389 850 les
1411 785 1480 850 thi-

353 905 422 952 ases
444 886 511 951 des·
524 885 716 968 Serapiastns
738 885 953 952 continuerant
974 885 1129 954 d'exister.
1175 886 1420 954 Pnobablement
1443 888 1485 955 ils

354 989 476 1054 avaient
498 987 592 1072 garde
614 989 685 1071 plus
708 988 886 1054 fidelement
907 989 953 1054 les
975 989 1050 1055 ritas
1066 988 1254 1072 energema
1300 989 1338 1054 In
1360 991 1420 1057 hee
1442 991 1486 1056 ti·

353 1092 420 1158 tulo
443 1091 639 1176 Sarapiastae
661 1092 792 1158 landant
812 1092 970 1158 homiuem
992 1091 1155 1174 quendam,
1178 1092 1262 1176 qnod
1276 1094 1401 1176 praeter
1423 1095 1487 1160 alia

353 1196 552 1262 liberalitatis
575 1197 760 1262 documenta
781 1194 889 1282 χρείας
910 1195 1074 1282 γινομένης
1096 1195 1242 1281 ἀργυρίου
1265 1196 1308 1272 εἰς
1332 1195 1486 1274 ξυλωνίαν

355 1305 400 1382 τῷ
422 1297 527 1382 θιάσῳ
549 1299 778 1384 προεισήνεγκε
801 1299 836 1361 τὸ
859 1297 1004 1382 ἀργύριον
1026 1300 1154 1362 ἄτοκον.
1210 1299 1339 1364 Praeter
1364 1300 1486 1365 collau·

354 1400 514 1467 dationem
531 1400 706 1466 decernitur
721 1402 749 1467 ei
765 1402 861 1466 etiam
877 1419 989 1466 torena
1004 1400 1131 1467 frondea
1147 1399 1289 1485 [θαλλοῦ
1306 1400 1485 1486 στέφανος),

355 1522 450 1586 eaque
472 1513 537 1579 τοῖς
559 1503 722 1579 Είσιδείοις
744 1503 915 1569 renuntiari
936 1504 1069 1569 iubetur.
1114 1503 1162 1569 De
1175 1504 1271 1570 thiasi
1284 1505 1371 1570 illins
1386 1505 1483 1570 insti·

353 1607 431 1672 tutis
454 1607 610 1689 praeterea
632 1606 710 1670 nihil
731 1606 881 1672 habemus
913 1609 1117 1690 compertum.
1170 1606 1280 1689 Neque
1311 1607 1484 1673 diiudicare

354 1727 528 1793 possumus,
551 1709 705 1776 fuerintne
728 1710 821 1776 Isidis
842 1711 899 1776 illa
930 1729 1018 1776 saera
1049 1711 1155 1792 postea
1189 1711 1285 1775 etiam
1316 1729 1404 1776 saera
1426 1731 1485 1794 pu-

354 1811 445 1889 bliea,
468 1811 502 1876 id
523 1812 606 1894 qnod
627 1812 665 1878 de
688 1813 759 1878 aliis
774 1813 952 1878 civitatibus
969 1811 1096 1878 Graecis
1119 1813 1258 1890 constat;
1280 1831 1378 1896 neque
1402 1815 1485 1879 tem-

354 1913 478 1998 plorum
500 1913 594 1981 Isidis
617 1915 654 1980 fit
676 1917 802 1984 mentio.

455 2015 722 2102 Ἀπατούρια
745 2037 899 2100 nusquam
921 2019 1209 2097 commemorantur,
1233 2017 1288 2082 ssd
1310 2019 1350 2083 el.
1373 2019 1485 2085 Heni

356 2118 436 2184 147:
482 2120 542 2183 εἰσὶ
565 2119 600 2183 δέ
621 2121 736 2198 πάντες
757 2119 876 2204 Ἴωνες,
900 2121 968 2184 ὅσοι
991 2118 1046 2184 ἀπ’
1065 2118 1233 2204 Ἀθηνέων
1254 2120 1405 2205 γεγόνασι
1429 2125 1485 2186 καί

353 2220 548 2308 Ἀπατούρια
566 2225 679 2308 ἄγουσι
701 2224 807 2310 ὁρτήν.
834 2226 946 2308 ἄγουσι
969 2224 1003 2288 δέ
1018 2223 1133 2300 πάντες
1150 2225 1237 2310 πλην
1258 2223 1413 2308 Ἐφεσίων
1429 2227 1484 2290 καί

353 2324 576 2409 Κολοφωνίων·
609 2329 694 2390 ούτοι
715 2328 777 2411 γὰρ
800 2335 904 2412 μοῦνοι
926 2323 1038 2392 Ἰώνων
1069 2327 1129 2390 οὐκ
1153 2329 1266 2412 ἄγουσι
1288 2325 1483 2412 Ἀπατούρια

354 2426 428 2490 κτλ.
475 2428 521 2492 lin
541 2427 644 2492 verbis
666 2429 731 2494 illis
753 2427 888 2494 dilucide
911 2430 1008 2510 patet,
1030 2430 1062 2494 in
1085 2431 1187 2495 insula
1202 2430 1262 2496 Ceo
1285 2431 1381 2495 etiam
1395 2432 1484 2514 Apa·

353 2528 438 2594 turia
459 2547 526 2594 esse
549 2530 627 2595 anta.

458 2630 547 2697 Idem
569 2632 690 2698 constat
705 2632 742 2698 de
758 2633 1060 2699 Anthesteriis
1083 2632 1335 2721 (Ἀνθεστηρια),
1358 2635 1396 2701 de
1413 2635 1483 2719 qui-

346 2735 411 2802 'bus
435 2733 474 2800 uf.
497 2733 595 2800 Thus.
618 2735 651 2800 II
675 2735 735 2799 15:
760 2738 822 2816 „nni
844 2735 1036 2822 ἀρχαιότεροι
1058 2736 1203 2802 Διονύσια
1219 2738 1276 2824 [τῇ
1300 2737 1483 2823 δωδεκάτη]

354 2847 490 2902 ποιεῖται
512 2838 546 2902 ἐν
570 2840 644 2924 μηνί
664 2837 925 2925 Ἀνθεστηριῶνι,
949 2839 1055 2924 ὥσπερ
1077 2843 1133 2903 καὶ
1163 2841 1191 2904 οἱ
1214 2840 1269 2904 ἀπ’
1298 2839 1483 2927 Ἀθηναίων

354 2939 462 3017 Ἴωνες
485 2943 532 3005 ἐτι
554 2944 610 3005 καὶ
633 2951 685 3007 νῦν
708 2942 918 3028 νομίζουσιν.“

457 3045 479 3110 J
488 3044 582 3110 evis
604 3045 765 3110 Iemeei
787 3065 910 3112 saera
940 3050 1219 3114 commemorentur
1249 3049 1282 3114 in
1315 3047 1419 3114 Schol.
1444 3048 1482 3114 ad

355 3145 461 3227 Apoll.
484 3145 583 3212 Rhod.
598 3145 634 3228 ¹),
657 3148 712 3213 nbi
734 3147 771 3214 de
788 3148 933 3216 Aristaeo
946 3149 1023 3216 haee
1045 3151 1199 3234 legimus:
1228 3152 1303 3229 „ant
1319 3150 1389 3234 ᾼιδς
1404 3150 1483 3236 ἱερὸν

355 3245 501 3332 ἱδρύσατο
525 3247 667 3335 Ἰκμαίου
697 3251 793 3316 ἕνεκα
825 3260 880 3315 τού
911 3255 981 3328 τοὺς
1016 3251 1147 3339 ὄμβρους
1167 3251 1328 3336 γίνεσθαι,
1353 3255 1409 3316 καί
1431 3255 1483 3316 τὸν

355 3349 435 3415 κύνα
458 3349 626 3428 ἐξιλάοατο
649 3355 704 3416 καί
726 3351 943 3438 ἐνομοθέτησε
957 3352 1030 3417 κατ’
1051 3353 1192 3418 ἐνιαυτὸν
1208 3363 1273 3431 τοῖς
1287 3352 1392 3431 Κείοις
1407 3351 1483 3438 μεθ’

355 3452 464 3520 ὅπλων
487 3454 646 3541 ἐπιτηρεῖν
669 3457 729 3541 την
750 3455 902 3541 ἐπιτολὴν
925 3465 981 3519 τοῦ
1003 3458 1096 3533 κυνὸς
1118 3458 1174 3520 καί
1189 3455 1280 3520 θύειν
1294 3457 1381 3540 αὐτῷ

354 3558 411 3620 καί
432 3557 734 3642 κατακαλεσάμενος
767 3560 838 3634 τοὺς
869 3555 998 3643 ἐτησίας
1030 3557 1108 3634 Ζεὺς
1141 3557 1281 3643 Ἰκμαῖος
1313 3555 1481 3642 ἐκλήθη.“

356 3656 528 3724 sollemnia
549 3660 605 3725 illa
629 3661 727 3744 igitur
749 3660 945 3744 pertinebant
967 3662 999 3727 et
1014 3661 1053 3727 ad
1066 3661 1177 3728 Jovem
1200 3664 1232 3726 et
1250 3661 1290 3726 ad
1305 3661 1481 3728 Aristaeum

355 3758 448 3824 etad
471 3759 595 3840 Sirium,
619 3763 706 3827 euius
728 3763 832 3845 imago
854 3763 1036 3846 saepissime
1058 3765 1160 3828 exstat
1180 3764 1213 3828 in
1237 3762 1368 3828 Oeernm
1390 3781 1483 3827 nnm-

355 3861 425 3926 mis.
469 3861 712 3929 celebrabantur
733 3865 858 3948 quidem
879 3865 936 3931 illa
958 3865 1121 3931 sollemnia
1143 3866 1260 3931 oriente
1293 3864 1433 3930 canicula
1446 3864 1481 3948 ²).

355 3961 483 4029 Praeter
506 3965 667 4044 sacrificia,
700 3986 778 4049 qnae
800 3968 852 4032 hie
875 3969 1163 4046 commemorantur,
1197 3966 1402 4032 constitutum
1434 3969 1481 4031 est

359 4065 454 4150 ,μεθ’
476 4068 581 4134 ὅπλων
600 4068 761 4155 ἐπιτηρεῖν
785 4073 844 4155 τὴν
867 4070 1017 4156 ἐπιτολὴν
1038 4079 1094 4134 τοῦ
1117 4068 1243 4152 κυνύς“,
1278 4087 1357 4152 qnae
1388 4069 1482 4134 verba

459 4309 484 4375 1)
504 4308 537 4362 el.
557 4308 649 4363 Sahal.
665 4309 701 4364 ad
712 4309 802 4377 Apoll.
820 4309 910 4364 Rhod.
923 4310 1077 4378 Argonaut.
1090 4309 1150 4363 Ilv.
1160 4308 1228 4374 4983
1248 4308 1282 4363 nl.
1296 4321 1382 4375 supra
1398 4321 1426 4375 p.
1441 4305 1481 4362 10.

457 4395 484 4461 2)
503 4393 537 4448 el.
556 4394 643 4448 etiem
661 4392 717 4448 Cle.
737 4395 772 4448 de
790 4395 845 4449 div.
864 4395 935 4450 157.
