3322 5302
894 483 958 550 116

356 706 427 752 rum
452 688 603 764 senatum,
636 687 717 753 sieut
739 687 884 766 Athenis,
917 687 1033 754 multas
1066 689 1186 772 exigere
1218 687 1365 754 debuisse
1384 689 1488 772 'supra

358 809 389 872 p.
412 788 456 854 83
476 789 622 855 vidimus.

461 894 561 960 Iritern
584 893 746 959 instituere
769 911 867 976 noque
888 893 1027 959 libertini
1049 893 1193 975 poterant
1206 912 1306 977 neque
1321 895 1485 972 mulierem

358 995 493 1080 agebant
515 998 620 1063 autem
640 995 856 1062 libertinorum
872 1014 981 1061 eeusas
996 997 1349 1080 μυ1ιοιιί(προστοἰτοιι).
1373 998 1486 1063 molie-

357 1117 427 1164 rum
449 1099 568 1164 tntores
592 1096 729 1183 (κύριοι).
769 1097 816 1162 De
837 1095 999 1180 inquilinis
1021 1117 1071 1162 res
1095 1098 1171 1164 satis
1193 1099 1241 1164 est
1263 1099 1391 1177 ineerta,
1414 1117 1485 1165 eum

357 1220 416 1268 non
439 1203 567 1280 constet,
600 1200 722 1266 Μείδιυν
743 1200 798 1267 111υ
821 1200 982 1285 (114ον.
1005 1199 1119 1286 26127)
1152 1201 1284 1266 fueritne
1314 1201 1487 1284 inquilinus

358 1322 395 1370 an
418 1303 583 1369 libertinus
606 1303 770 1386 (etsupra
791 1321 823 1386 p.
838 1301 905 1387 68).
943 1303 1074 1369 Tutores
1097 1303 1224 1388 (κύριοι)
1240 1322 1485 1369 eommemoran·

356 1407 462 1471 turin
485 1405 739 1472 dorthaeensium
760 1406 812 1472 tit.
835 1425 866 1472 n.
890 1405 951 1481 14;
976 1406 1144 1472 mulierum
1167 1407 1341 1472 nominibus
1365 1425 1488 1488 sempor

357 1508 543 1575 adserihitnr
565 1511 621 1575 roal
642 1508 746 1594 κύριος
757 1509 794 1594 ¹),
817 1510 853 1574 ut
874 1529 904 1574 v.
924 1509 967 1573 62
990 1507 1181 1596 Θεοφράστη
1204 1511 1260 1575 καὶ
1282 1509 1386 1594 κύριος
1407 1509 1487 1595 Ἀμ-

357 1610 531 1696 φι[ιι]ιίδης.
577 1606 614 1676 In
636 1612 739 1678 insula
761 1610 821 1678 Ceo
843 1610 989 1676 muheres
1012 1611 1156 1676 similiter
1186 1612 1279 1695 atque
1310 1613 1341 1676 in
1375 1612 1487 1677 ceteris

357 1712 537 1780 civitatibus
560 1712 698 1793 Graecis,
721 1714 788 1781 iure
809 1714 932 1797 pubhoe
955 1714 1068 1798 egendi
1090 1715 1235 1792 oaruisse,
1259 1732 1319 1779 non
1339 1714 1485 1796 estquod

357 1835 510 1883 moneam.
554 1816 640 1882 Num
663 1817 768 1882 autern
799 1818 832 1882 in
865 1817 968 1882 insula
999 1817 1144 1882 mulieres
1176 1817 1300 1882 omnino
1331 1817 1398 1881 iure
1429 1816 1486 1881 illo

357 1921 520 1999 caruerint,
545 1922 600 1986 eut
621 1920 702 1986 siout
723 1919 857 1985 Athenis
881 1918 1026 2004 μεδίμνου
1050 1919 1170 2003 κριθῶν
1184 1921 1275 1985 tenus
1292 1918 1486 2005 συμβάλλειν

355 2024 512 2106 potuerint
523 2022 557 2108 ²),
580 2022 793 2088 deficientibus
816 2022 1011 2088 documentis
1034 2021 1202 2087 diiudicare
1226 2041 1287 2087 non
1308 2041 1483 2105 possumus.

354 2127 392 2190 ln
416 2126 524 2192 eodem
547 2126 640 2192 titulo
655 2125 704 2191 Bb
726 2145 755 2191 v.
781 2123 821 2188 12
837 2127 869 2190 et
883 2125 925 2189 56
948 2126 1041 2209 atque
1062 2125 1095 2190 in
1109 2125 1298 2191 Juhetarum
1323 2125 1372 2190 lit.
1394 2145 1426 2190 n.
1441 2123 1485 2189 40

354 2248 384 2294 ν.
408 2228 506 2314 lolli
530 2229 588 2295 ool.
611 2228 642 2292 Il
664 2232 944 2294 commemorantur
967 2228 1061 2293 etiarn
1092 2227 1291 2314 κληρονόμοι.
1338 2228 1384 2292 Er
1416 2228 1482 2292 lso·

355 2333 451 2398 oratis
474 2351 517 2397 or.
540 2332 618 2396 XIX
642 2330 682 2394 12
705 2351 756 2415 sq..
782 2331 928 2416 colligere
949 2349 1126 2414 possumus,
1159 2330 1235 2396 Ceos
1267 2330 1376 2395 eadem
1409 2349 1483 2396 eon-

355 2435 494 2500 stituisse
517 2434 554 2498 de
576 2434 771 2499 testamentis
794 2436 886 2516 atque
902 2433 1107 2499 Athenienses
1120 2432 1155 2517 Β1.
1201 2433 1344 2498 Ceterum
1359 2451 1410 2497 res
1425 2432 1485 2498 illa

354 2537 450 2603 etiam
472 2536 533 2602 alio
556 2537 739 2602 documento
762 2536 935 2602 confirmari
951 2537 1063 2620 potest.
1109 2535 1237 2602 constat
1252 2538 1334 2602 enirn
1349 2535 1484 2602 Athenis

353 2640 385 2706 in
407 2639 500 2705 rebus
524 2641 556 2706 et
586 2639 627 2706 ad
659 2640 847 2705 hereditates
869 2641 900 2704 et
930 2639 971 2704 ad
1001 2639 1112 2706 funera
1131 2639 1359 2721 pertinentibus
1386 2640 1483 2724 ἀγχι-

355 2742 461 2808 στείαν
492 2743 691 2810 terminatam
713 2761 780 2808 esse
801 2743 909 2808 liberis
938 2743 1191 2809 consobrinorum
1213 2743 1483 2808 consobrinarum-

354 2846 461 2932 que‘).
505 2847 605 2912 Iidem
627 2847 752 2912 termini
775 2866 845 2912 oum
868 2847 989 2912 exstent
1010 2848 1042 2912 in
1064 2847 1252 2914 Julietarum
1275 2848 1345 2930 lege
1360 2847 1482 2912 funebri

354 2948 399 3033 (n.
421 2947 490 3032 34),
522 2968 593 3013 mea
615 2949 742 3031 quidem
765 2949 920 3014 sententia
951 2967 1011 3014 non
1035 2950 1100 3014 sine
1123 2949 1228 3032 aliqua
1250 2949 1481 3031 probabilitatis

355 3052 456 3134 speeie
480 3051 618 3116 oonieere
641 3069 815 3133 possumus,
851 3051 947 3116 etiam
968 3052 1001 3115 in
1023 3050 1115 3116 rebus
1138 3051 1333 3116 hereditariis
1356 3052 1481 3117 eosdem

353 3152 407 3220 Cei
429 3154 584 3218 exstitisse
605 3154 765 3219 terminos.
810 3153 930 3220 Deinde
951 3154 984 3219 in
1007 3153 1127 3220 duobus
1157 3155 1260 3220 titulis
1292 3172 1482 3220 commemo·

455 3463 481 3530 1)
500 3463 534 3518 et
551 3478 580 3518 n.
598 3463 691 3518 14Βο
707 3464 771 3518 ub
798 3464 842 3531 (et
860 3478 922 3532 epp.
941 3462 1055 3532 epigr.);
1084 3463 1126 3518 Bb
1144 3477 1171 3518 v.
1189 3466 1231 3530 30,
1249 3466 1291 3529 40,
1317 3466 1384 3529 421,
1407 3465 1467 3520 141

455 3634 482 3701 2)
501 3634 535 3688 dl.
553 3634 622 3688 Isae.
642 3635 677 3688 de
694 3634 848 3689 Aristarch.
861 3635 921 3689 her.
934 3635 961 3689 X
976 3635 1037 3689 1οὁ
1054 3635 1106 3703 γὰρ
1126 3635 1206 3699 νόμος
1222 3636 1366 3705 διαρρήὼμν
1384 3635 1479 3688 κωλύει

352 3718 424 3770 παιδὶ
442 3719 480 3787 μὴ
498 3720 595 3779 ἐξεῖναι
621 3720 782 3785 ιωμβάλλειν
799 3721 869 3790 μηδὲ
896 3721 994 3790 γυναικὶ
1021 3721 1091 3787 πέρα
1117 3723 1245 3786 μεδίμνου
1271 3723 1378 3790 κριθῶν,
1406 3737 1479 3790 quae

350 3806 440 3860 verba
469 3807 553 3860 aliter
578 3808 663 3874 etque
689 3805 840 3861 Oaillemer
867 3809 895 3862 et
922 3807 1087 3862 Sehnlthess
1114 3809 1242 3863 fecerunt
1260 3809 1398 3877 explicari
1419 3822 1476 3863 non

351 3893 479 3960 possunt,
498 3893 532 3946 of.
550 3893 723 3957 Sohulthess
742 3893 981 3948 Vormnndsohalt
1006 3895 1080 3948 nauh
1107 3897 1156 3948 att.
1184 3895 1281 3957 Reoht
1309 3895 1391 3949 Bonn
1409 3893 1477 3949 1886

350 3991 377 4045 p.
397 3979 446 4032 101
465 3993 515 4046 sq„
534 3980 706 4047 autumnos,
726 3979 774 4047 qui
787 3979 821 4033 de
839 3979 894 4033 boo
911 3980 974 4034 loeo
988 3981 1114 4047 egerunt,
1133 3981 1236 4034 attulit.
1272 3980 1476 4048 Harpooretlon

350 4063 439 4116 verba
456 4064 506 4117 illa
522 4079 580 4118 non
598 4065 676 4118 reete
693 4065 844 4119 intellexit.
880 4065 923 4120 De
941 4066 1106 4120 mulieribus
1134 4066 1168 4120 of.
1196 4067 1281 4121 etlam
1299 4066 1414 4129 Anthea,
1432 4065 1477 4118 De

352 4149 494 4216 emptione
512 4150 677 4214 venditione
695 4151 747 4204 eto.
765 4151 843 4205 Halis
863 4151 930 4206 1885
947 4167 973 4219 p.
994 4153 1026 4205 15
1044 4166 1084 4218 sq.

454 4234 481 4302 3)
500 4235 800 4291 Hermann-'Phalhelm
818 4237 836 4291 1.
854 4237 871 4291 l.
891 4251 917 4304 p.
935 4237 977 4291 61.

452 4319 480 4388 4)
499 4321 533 4375 el.
560 4320 706 4376 Demosth.
734 4323 763 4376 ln
790 4322 903 4377 Maoart.
930 4325 964 4377 bl
993 4325 1022 4377 et
1043 4325 1095 4388 623
1122 4322 1477 4378 Dareste-llanssoulller·

349 4404 400 4459 '1¹b.
418 4405 558 4470 Reinaoh,.
571 4405 686 4476 Reouer'l
704 4407 729 4462 d.
748 4407 833 4462 inser.
849 4407 907 4475 jur.
925 4421 1018 4475 greoq.
1037 4409 1049 4462 1
1066 4409 1146 4464 Paris
1166 4409 1232 4464 1891
1251 4423 1277 4476 p.
1297 4410 1329 4463 ld
1347 4421 1388 4476 sq.
