3298 5304
642 469 846 570 ,Q-

180 671 264 755 §67
287 672 355 752 »ὅτ’
376 673 416 757 ὴν
439 671 631 758 Ἀσκληπιῷ
653 671 675 756 ἡ
698 670 799 736 θυσία
821 671 916 737 καὶὸ
948 670 1128 757 προάγων.“
1174 671 1226 740 Ad
1248 673 1309 737 to-

181 775 252 840 σίαν
273 776 362 840 illam
384 774 624 858 perpetrandam
646 774 846 857 pertinebant
876 775 1034 857 pecuniae,
1056 793 1134 858 quae
1166 793 1183 840 a
1215 791 1309 858 quee-

180 879 315 946 storibus
335 877 369 942 in
390 877 531 942 tabulam
555 895 648 960 quam
671 875 946 960 supradixisset
970 876 1096 944 relatae.
1141 877 1309 944 Fuerintne

180 982 304 1064 praeter
325 981 466 1046 Athenas
488 980 583 1046 etiam
605 979 636 1044 in
660 978 731 1044 aliis
757 978 938 1046 civitatibus
969 977 1096 1044 Graecis
1128 997 1308 1064 proagones

179 1102 241 1148 nou
264 1084 404 1150 constat:
442 1101 516 1167 ergo
552 1083 590 1148 de
620 1081 723 1148 insula
754 1080 815 1147 Ceo
847 1081 923 1148 certi
955 1081 1122 1165 quicquum
1153 1081 1218 1149 dici·
1247 1101 1308 1150 non

180 1188 296 1268 potest.

282 1287 448 1373 Νέμεια
482 1288 762 1352 commemorentur
792 1287 825 1352 in
847 1286 1039 1352 Julietarum
1071 1287 1212 1371 catalogo
1234 1305 1309 1372 ago-

178 1392 291 1458 nistico
313 1413 344 1457 n.
366 1393 419 1457 39.
463 1390 582 1456 Nemea
597 1390 748 1456 ininsula
763 1389 823 1456 (leo
839 1390 994 1456 celebrata
1009 1407 1086 1468 esse,
1103 1390 1205 1456 adhue
1219 1390 1309 1474 igno·

178 1497 249 1560 tum
271 1497 357 1560 erat:
381 1513 454 1578 ergo
478 1495 693 1578 supplemento
714 1494 771 1559 illo
794 1494 964 1576 explendus
986 1495 1034 1560 est
1055 1494 1158 1560 tenuis
1181 1493 1310 1560 Krausii

179 1597 389 1682 catalogus¹).
433 1597 468 1661 Iu
492 1597 585 1663 titulo
607 1597 673 1675 illo,
708 1598 795 1663 enim
826 1595 951 1666 initium
985 1597 1079 1680 atque
1109 1596 1216 1662 dextra
1237 1614 1309 1680 pers

178 1701 346 1784 perierunt,
369 1701 502 1766 victores
525 1701 745 1766 enumerantur
767 1699 886 1784 ἄνδρες,
922 1697 1069 1784 ἀγένειοι,
1103 1699 1224 1782 παῖδες,
1249 1707 1309 1784 κῆ-

181 1801 249 1886 ρυξ.
298 1802 541 1884 Distinguuntur
563 1821 636 1886 ergo
657 1802 690 1866 in
712 1801 770 1868 hoc
793 1801 886 1868 titulo
907 1800 1042 1886 ἀγένειοι
1070 1806 1163 1885 atque
1185 1800 1308 1886 παῖδες,

182 1924 277 1987 quem
324 1904 557 1970 distinctionem
599 1903 790 1968 Nemeorum
824 1906 983 1988 propriam
1012 1904 1109 1970 trisse
1141 1906 1263 1972 onustat
1273 1903 1309 1988 ²).

180 2006 267 2086 Quae
289 2007 405 2072 fuerint
427 2008 633 2074 certaminum
655 2026 768 2090 genera
790 2026 826 2072 ex
857 2008 952 2074 titulo
985 2008 1054 2090 ipso
1087 2026 1147 2074 non
1170 2007 1310 2090 apparet.

179 2110 315 2174 Tantum
337 2130 368 2174 r.
391 2109 434 2174 13
456 2112 527 2191 post
548 2108 804 2176 maculassent
825 2109 948 2176 litterae
971 2107 1058 2174 ΠΑΓ
1081 2110 1113 2176 11
1134 2129 1164 2176 r.
1181 2107 1223 2172 21
1239 2109 1310 2192 post

65 2267 74 2283 ‚
175 2212 299 2295 ’ἀνδρῶν
313 2211 388 2295 HA,
412 2231 490 2295 quac
513 2213 574 2276 nisi
595 2211 792 2296 παγκράτιον
814 2213 1063 2296 significarenon
1078 2213 1218 2293 possunt.
1255 2211 1309 2276 In·

177 2315 227 2380 ter
247 2315 380 2380 victores
402 2315 543 2381 nonnulli
564 2314 613 2379 bis
636 2314 686 2379 vel
706 2316 755 2379 ter
770 2314 960 2392 adseruntur,
984 2312 1144 2398 Asnaptov
1166 2311 1309 2398 Λιπάρου
1393 2303 1397 2310 ’

179 2417 302 2506 qnater,
325 2437 357 2482 r.
378 2417 400 2479 8
422 2436 467 2499 sq.
491 2436 553 2481 una
574 2436 646 2482 eum
675 2417 770 2484 fratre
797 2415 1024 2502 (Φαιδιππίδης
1045 2416 1211 2501 Λιπάρου).
1254 2417 1310 2482 Τ1-

177 2519 265 2584 tulus
286 2520 342 2585 ille
360 2519 480 2584 duabus
503 2540 540 2584 ex
560 2519 702 2601 partibus
725 2521 855 2599 constat,
887 2539 1019 2604 quarum
1040 2523 1172 2602 utaque
1193 2519 1226 2584 in
1249 2519 1310 2584 fine

177 2623 342 2706 praeconis
363 2642 476 2688 nomen
493 2623 633 2688 exhibet:
657 2621 749 2688 Λέων
771 2622 1004 2708 Λεωμὲδοντος.
1052 2623 1182 2688 Initium
1197 2623 1310 2705 prioris

176 2727 279 2809 partis
300 2727 403 2809 periit,
425 2727 515 2792 initio
537 2727 666 2792 alterius
687 2727 785 2809 pertis
807 2727 930 2792 exstant
959 2726 1071 2792 verba:
1103 2726 1168 2790 οἵδε
1189 2724 1309 2810 Νέμεια

179 2827 305 2894 ἐνίκων.
345 2828 430 2909 Quae
453 2831 558 2912 partes
580 2830 672 2896 aliter
693 2830 841 2911 explicari
863 2847 923 2894 non
938 2829 1080 2910 possunt,
1094 2827 1155 2892 nisi
1177 2827 1308 2893 diversis

177 2933 269 2996 annis
292 2933 451 3016 catalogos
472 2933 544 2998 illos
566 2951 634 2996 esse
655 2932 854 3014 compositos.
898 2929 1008 3013 Neque
1024 2930 1108 2996 enim
1124 2931 1162 2996 de
1177 2929 1308 2996 dirersis

177 3034 265 3099 ludis
288 3035 420 3118 eogitari
441 3036 553 3117 potest,
575 3054 647 3100 cnm
669 3037 792 3120 praeter
813 3035 877 3100 alia
899 3033 1025 3100 nomina
1038 3033 1135 3098 otiam
1148 3031 1310 3115 praeconis

178 3157 294 3203 nornen
315 3139 431 3218 redeat,
454 3158 552 3222 neque
575 3140 613 3204 de
647 3139 777 3206 dirersis
808 3139 1011 3206 certaminum
1040 3138 1214 3222 generibus,
1238 3155 1310 3204 cnm

178 3261 211 3306 v.
237 3239 278 3303 13
299 3243 332 3306 et
352 3241 395 3304 24
417 3242 500 3307 idem
523 3245 624 3310 exstet
645 3246 811 3310 certamen.
856 3243 904 3308 De
918 3260 1108 3326 praeconum
1129 3242 1309 3308 certamini·

177 3343 240 3409 bus
264 3363 358 3426 supra
379 3347 424 3429 (p.
445 3344 489 3409 99
510 3349 576 3412 not.
599 3347 634 3424 1)
656 3347 782 3412 uberius
805 3345 883 3430 dixi..

282 3447 507 3530 Εἰσίδεια,
530 3469 610 3532 qnae
631 3450 664 3516 iu
679 3451 730 3516 tit.
745 3469 776 3514 n.
791 3447 832 3512 81
850 3447 1129 3514 commemorantur
1145 3447 1310 3513 sollemnia

178 3550 268 3614 erant
302 3549 599 3636 Sarapiesturnm²).
659 3553 740 3632 „Les
771 3552 993 3634 temptatore
1031 3550 1135 3632 iuquit
1164 3550 1308 3626 Foneart,

181 3653 256 3735 „qui
277 3654 432 3720 semblent
452 3654 566 3720 former
586 3675 630 3720 nn
652 3657 743 3722 trane
765 3655 843 3721 dane
864 3655 886 3720 l'
908 3654 1093 3738 meoription
1111 3653 1308 3732 atheniense,

179 3757 251 3821 sont
272 3757 291 3820 1
313 3755 390 3822 Otos
412 3758 582 3822 constitues
603 3777 641 3823 en
663 3759 775 3826 thiaso.
797 3795 840 3808 -
862 3759 909 3824 La
929 3757 1047 3842 grande
1060 3757 1122 3824 ee
1138 3757 1217 3823 erae
1231 3755 1310 3822 celle

284 3962 748 4031 lletltrnuse,ltp.14tteq.

284 4049 313 4115 2)
331 4049 366 4104 ct
384 4048 622 4116 Krousallp.
642 4048 762 4108 13111.

282 4133 309 4200 3)
327 4133 362 4188 ci
380 4133 513 4196 Fouourt,
532 4135 631 4188 Assoc
649 4135 728 4200 relig.
745 4149 771 4202 p.
790 4134 841 4188 101
859 4149 901 4202 sq.
920 4135 949 4188 et
966 4133 1019 4188 222
1036 4148 1078 4202 sq.
1091 4132 1202 4188 'l'itulns
1221 4133 1309 4189 11111

180 4219 300 4274 donicae
325 4221 430 4274 aetatis
457 4234 523 4274 esse
548 4220 671 4274 videtur.
705 4221 749 4274 De
776 4220 922 4274 1111111111
949 4219 983 4274 ct
1002 4220 1090 4274 111111
1106 4219 1230 4288 8111311,
1260 4219 1308 4272 lw.

179 4303 280 4360 11111111
295 4306 321 4360 V
339 4307 358 4360 3
374 4321 400 4373 p.
420 4307 471 4360 121
488 4319 530 4373 sq.
565 4305 609 4360 De
626 4305 708 4360 Isidis
725 4306 871 4374 mysteriis
888 4304 1013 4374 Stengel,
1030 4306 1049 4358 1.
1067 4305 1105 4370 l.;
1122 4304 1309 4370 Schoeuranu,

179 4389 227 4443 Gr.
245 4390 301 4444 Alc
320 4390 356 4443 11¹
373 4405 399 4458 p.
417 4391 470 4444 sos
487 4405 529 4458 sq.
