3336 5314
300 703 404 770 Fluvii
427 704 477 770 vol
510 702 613 786 potius
646 702 715 779 rivi,
748 701 859 784 quibus
883 700 959 768 Osos
992 701 1138 781 abundat,
1164 701 1325 780 montibus

190 827 252 892 per
274 807 440 892 augustam
462 806 597 872 insulam
620 804 780 888 porrectis,
812 806 874 870 uisi
895 807 984 889 parvi
1006 824 1073 872 esse
1099 823 1160 870 non
1182 805 1324 888 possunt.

194 910 308 978 Strabo
340 910 384 993 (X
416 908 493 992 486)
526 927 622 974 unum
653 909 777 974 tautum
808 910 1047 975 commemorat:
1085 909 1170 988 ,ton
1204 907 1237 972 δὲ
1268 910 1324 972 καὶ

191 1011 324 1090 Ἕλιξος
346 1014 487 1097 ποταμὸς
509 1014 579 1096 περὶ
602 1013 660 1096 τὴν
682 1009 880 1098 Κορησίαν.“
926 1011 1023 1078 Rivus
1050 1011 1116 1090 ille,
1148 1012 1200 1094 qui
1232 1011 1323 1077 hodie

196 1116 325 1180 vocatur
348 1117 404 1192 ,rb
427 1113 579 1199 ποτάμι“,
605 1113 756 1198 originem
778 1113 872 1180 habet
887 1131 981 1197 prope
994 1112 1103 1180 Julida
1118 1113 1210 1196 atque
1225 1113 1326 1178 offun-

192 1215 283 1282 ditur
304 1216 335 1282 in
360 1216 554 1283 Coresiorum
577 1216 712 1299 portum.
758 1217 804 1282 De
826 1216 955 1299 reliquis
977 1216 1052 1282 rivis
1075 1215 1153 1282 nihil
1174 1216 1324 1282 habemns

192 1321 401 1403 eomperum.
455 1320 589 1403 Propter
623 1337 774 1402 aquarum
805 1318 1026 1386 abundantium
1060 1315 1146 1396 Ceos,
1181 1318 1325 1384 similitor

192 1424 290 1506 atque
312 1423 435 1489 Andros
457 1425 492 1488 et
514 1423 624 1502 Tenos,
648 1441 668 1488 a
689 1421 789 1505 pottis
812 1422 908 1487 etiam
923 1421 1068 1506 Hydrusa
1091 1418 1252 1505 t‘lhpouou
1275 1421 1325 1487 vel

192 1523 365 1610 Ὕδρουσα)
389 1525 605 1608 appellabatur
617 1524 653 1608 ¹).

302 1628 349 1692 De
372 1626 474 1694 insula
497 1628 639 1694 nonnulli
660 1628 779 1694 veteres
802 1625 972 1712 geographi
1005 1625 1138 1708 permira
1168 1625 1324 1692 sabulosa·

194 1749 258 1812 que
272 1731 478 1814 protulerunt.
504 1731 632 1811 „Geos“,
645 1731 756 1814 'iuquit
770 1731 855 1797 Plin.
881 1731 925 1814 (n.
939 1731 971 1796 h.
987 1729 1032 1795 IV
1049 1729 1098 1810 12,
1122 1729 1187 1816 62),
1211 1748 1326 1814 „quam

199 1834 298 1900 nostri
320 1833 423 1899 dixere
446 1833 550 1914 Ceam,
582 1833 692 1900 Graeci
723 1836 754 1900 at
785 1834 975 1918 Hydrusam,
1011 1834 1150 1899 avolsam
1171 1834 1326 1900 Euboeae.

194 1937 384 2020 quingentos
407 1937 501 2020 longa
524 1937 640 2004 stadios
662 1937 723 2002 fuit
739 1936 905 2019 quondum,
928 1937 1160 2019 mor-quattuor
1175 1935 1238 2002 fere
1253 1955 1329 2021 par·v

197 2039 284 2104 tibus
307 2057 384 2122 quae
408 2039 447 2104 ad
461 2041 621 2105 Boeotiam
637 2039 806 2124 vergebant
821 2039 930 2104 eodem
945 2040 1024 2104 mari
1040 2039 1193 2106 devoratis
1214 2041 1328 2124 oppida

196 2141 294 2208 habet
315 2143 435 2226 reliqua
448 2142 567 2221 Julida,
584 2140 778 2220 Carthaeam,
800 2140 982 2206 intercidere
999 2138 1139 2221 Coresus,
1161 2141 1326 2220 Poeessu“,

195 2245 311 2312 deindo
336 2247 379 2330 (n.
403 2245 433 2311 h.
456 2245 498 2326 II,
521 2244 572 2322 92,
597 2243 692 2323 206);
726 2245 793 2324 „Ex
824 2243 927 2310 insule
951 2242 1012 2309 Cea
1033 2244 1167 2328 amplius
1197 2245 1328 2328 triginta

199 2349 288 2414 milia
302 2367 452 2432 passuum
468 2349 600 2430 abrupta
616 2347 718 2414 subito
735 2365 806 2412 oum
819 2346 960 2429 pluribus
975 2346 1159 2412 mortalibus
1182 2346 1328 2430 (Pontus)

197 2452 335 2534 rapuit.“
381 2451 470 2532 Quod
492 2451 615 2516 Plinius
639 2449 736 2516 Caum
759 2449 798 2515 ab
820 2449 946 2515 Euboea
969 2449 1106 2515 avolsam
1129 2467 1196 2514 osso
1226 2451 1326 2532 putat,

199 2553 258 2619 boo
281 2554 410 2620 minime
433 2554 551 2620 laetum
574 2572 640 2619 esse
663 2554 787 2636 potest:
816 2571 888 2636 ergo
911 2570 971 2617 non
994 2553 1051 2632 ost,
1084 2553 1165 2634 quod
1187 2552 1327 2635 pluribus

197 2657 239 2721 de
261 2657 320 2722 hao
342 2675 376 2722 re
399 2641 512 2724 dicam.
557 2655 659 2722 Aliter
681 2657 787 2722 autom
817 2655 967 2721 sehabet
996 2655 1096 2721 terrae
1128 2655 1183 2724 ille
1213 2658 1326 2734 motus,

196 2778 295 2841 quem
318 2760 412 2825 etiam
435 2759 557 2824 Plinius
580 2760 812 2824 commemorat.
850 2759 983 2824 Bursian
994 2757 1020 2842 ²)
1042 2758 1182 2824 Plinium
1203 2777 1330 2840 prorsus

198 2880 319 2928 errasse
342 2879 480 2944 quaeque
510 2880 529 2927 a
552 2859 703 2928 Strabone
725 2862 848 2926 narrata
871 2861 934 2927 sint
955 2880 1015 2936 non
1038 2862 1120 2927 reete
1141 2860 1329 2926 intellexisse

198 2964 378 3043 existimat3
417 2964 471 3031 sed
509 2965 623 3030 rectius
660 2964 825 3029 Neumaun
862 2967 894 3029 et
929 2963 1096 3047 Partsoh³)
1135 2963 1173 3028 de
1208 2963 1266 3029 hoo
1296 2982 1329 3046 re

200 3067 436 3132 indicaverunt:
473 3067 552 3142 ,Die
575 3066 708 3132 starkste
731 3066 791 3130 den
814 3065 908 3130 Alton
931 3070 963 3131 in
986 3066 1181 3149 Erinnerung
1212 3065 1330 3150 gablio·

202 3170 281 3236 bene
304 3169 514 3253 Katastrophe
537 3169 660 3236 soheint
675 3169 757 3236 Keos
774 3169 923 3235 botrolien
947 3187 984 3234 zu
1006 3169 1115 3249 haben,
1139 3189 1226 3236 uenn
1252 3170 1330 3236 auoh

199 3273 259 3338 der
281 3273 377 3339 durch
400 3274 450 3339 ein
473 3274 654 3357 gonaltiges
676 3272 840 3338 Erdbeben
863 3273 1058 3357 abgarissene
1084 3273 1147 3338 und
1170 3274 1329 3340 versenkta

204 3373 296 3439 Theil
319 3375 374 3440 der
395 3374 479 3440 Insel
502 3375 589 3439 nieht
611 3393 644 3440 so
667 3375 881 3458 umlangreioh
903 3393 1043 3459 genesen
1065 3375 1132 3440 sein
1154 3375 1239 3453 wird,
1274 3376 1330 3440 nie

202 3476 255 3540 die
271 3476 535 3558 Uoberlieferung'
550 3477 651 3560 sagt.“
697 3476 900 3542 Manifestum
917 3478 966 3542 est
987 3478 1086 3542 terrae
1104 3477 1195 3542 illum
1210 3477 1329 3543 motum

202 3596 263 3644 non
287 3597 412 3661 prorsus
436 3598 502 3645 esse
525 3578 642 3658 fiotum,
667 3596 764 3661 noque
787 3579 890 3645 minus
913 3579 1050 3662 apparet,
1074 3577 1225 3663 quomodo
1248 3579 1331 3662 apud

206 3681 344 3747 Plinium
367 3684 503 3750 erratum
525 3682 605 3748 illud
627 3682 669 3749 ait
697 3683 809 3748 ortum.
855 3682 1014 3749 Strabonis
1037 3684 1119 3749 enim
1142 3683 1237 3749 verba
1259 3685 1332 3750 sunt
1432 3759 1437 3768 ⁵

203 3785 348 3869 haou.(X
369 3785 466 3870 486):
501 3784 611 3866 ,usar
645 3785 679 3850 δὲ
713 3785 897 3870 respersam
930 3787 985 3872 μὲν
1007 3784 1137 3872 ὑπῆρξε,
1171 3784 1331 3850 λείπονται
1376 3781 1389 3789 ”

205 3923 462 3935 ....-.—-..-—

310 3989 336 4054 1)
362 3987 434 4042 Plin.
463 4002 489 4042 n.
517 3987 544 4040 h.
572 3987 617 4052 IV,
647 3988 688 4052 12,
707 3988 741 4042 62
759 3989 787 4042 et
805 3988 856 4052 65;
884 3987 993 4042 Heraol.
1011 3986 1092 4042 Pont.
1121 3987 1151 4042 ll.
1178 3988 1211 4042 H.
1236 3987 1269 4042 G.
1299 3989 1331 4052 ΙΙ,

203 4090 231 4143 p.
250 4076 319 4138 214;
338 4074 460 4142 Hesyoh.
478 4090 501 4128 s.
519 4089 546 4138 v,
562 4069 703 4142 “deoocou
740 4075 783 4128 De
800 4075 919 4130 notabili
932 4075 1053 4142 quodam
1065 4074 1143 4128 fonte
1162 4075 1195 4129 of.
1208 4074 1331 4138 Ariston,

204 4161 236 4216 F.
255 4161 287 4216 Η.
307 4160 339 4214 G.
359 4160 472 4224 111325,
491 4161 524 4225 5;
543 4159 614 4214 Plin.
633 4175 659 4216 n.
678 4161 705 4215 h.
724 4160 825 4224 XXXI,
844 4161 868 4224 2,
888 4161 937 4224 123
956 4160 1059 4214 Vitruv
1078 4160 1147 4224 Vlll,
1166 4161 1199 4224 3;
1226 4160 1332 4216 Brbnd·

202 4249 271 4303 sted
288 4248 305 4302 l.
324 4248 341 4301 l.
360 4261 386 4314 p.
404 4246 437 4301 81
457 4261 498 4314 sq.

310 4334 337 4399 2)
356 4331 486 4397 Bursian,
506 4331 609 4398 Gsogr.
629 4347 655 4388 v.
675 4332 723 4388 Gr.
743 4333 774 4397 ll,
793 4348 819 4400 p.
837 4332 888 4388 469
907 4335 936 4387 ot
954 4333 1011 4388 not.
1032 4334 1054 4388 1.

311 4422 337 4490 3)
356 4420 643 4486 Neumauu-Partsoh‚
662 4422 679 4475 l.
700 4421 717 4476 l.
736 4435 761 4489 p.
780 4422 840 4475 331.
