3322 5302
855 489 923 555 108

325 699 463 764 actiones
486 685 558 764 illes
590 697 669 762 nihil
690 696 868 762 interfuisse·
899 696 1031 775 videtur,
1066 713 1138 760 nem
1171 696 1203 758 iu
1238 692 1362 759 decreto
1396 693 1451 758 illo

324 804 466 868 notiones
488 801 581 885 φάσις
604 801 635 866 et
657 797 782 877 ἔνδειξις
803 799 977 880 promiscue
994 797 1192 880 usurpantur,
1214 796 1307 878 atque
1322 795 1452 861 dimidie

324 905 382 971 illa
403 924 475 989 pars
497 907 553 968 καὶ
575 909 620 988 τῷ
643 902 775 988 φήναντι
797 904 912 985 καὶτῷ
928 898 1095 977 ἔνδείξαντι
1111 898 1317 964 adiudicatur.
1360 898 1451 963 Alie-

324 1027 392 1073 rom
413 1008 535 1090 partem
556 1007 602 1072 rei
623 1005 766 1089 publicae
789 1005 926 1084 cessisse,
951 1003 1277 1087 colligere-possumus
1300 1021 1337 1066 ex
1349 1001 1451 1068 Juliu-

323 1111 429 1176 tsrum
451 1110 576 1175 decreto
598 1129 628 1174 v.
651 1107 694 1172 36
717 1126 763 1189 sq.
785 1114 848 1170 τῶν
870 1105 1044 1192 χρημάτων
1066 1107 1107 1168 τὰ
1131 1105 1187 1190 μὲν
1209 1103 1342 1190 ἡμίσεα
1372 1104 1451 1170 εἶναι

324 1222 380 1278 τοῦ
402 1212 504 1298 δήμου
527 1221 582 1276 τοῦ
604 1209 797 1295 Ἰσυλιητῶν.
845 1208 906 1274 Sed
929 1208 1066 1274 confinio
1088 1208 1146 1274 illa
1167 1208 1330 1274 notionum
1351 1207 1451 1272 multo

324 1313 419 1380 letius
442 1315 538 1396 petet.
581 1313 619 1377 In
642 1312 774 1378 decretis
795 1311 860 1378 illis
875 1311 970 1377 etism
992 1313 1073 1378 servi
1087 1313 1193 1377 noxios
1208 1311 1326 1376 deferre
1342 1311 1451 1378 iuben·

323 1419 376 1484 tur
397 1420 501 1500 atquo
523 1436 578 1501 pro
601 1416 756 1483 delatione
786 1415 926 1498 proemia
956 1417 1108 1499 quaedem
1138 1416 1343 1498 accipiebant,
1374 1435 1451 1500 quae

324 1521 450 1604 quidem
472 1522 562 1587 hodie
584 1519 738 1603 probabili
753 1519 872 1585 ratione
886 1519 1010 1586 restitui
1030 1537 1090 1584 nou
1106 1526 1252 1601 possunt:
1275 1519 1452 1584 libertatem

324 1624 364 1690 iis
387 1625 483 1688 fuisse
505 1641 683 1690 concessam
706 1641 743 1688 ex
764 1624 896 1707 utreque
919 1624 1042 1689 decreto
1064 1625 1159 1706 petet,
1194 1623 1304 1688 deiude
1336 1624 1369 1687 iu
1391 1621 1451 1687 Ju-

324 1727 470 1792 lietnrum
492 1727 615 1792 decreto
638 1727 771 1810 legimus
790 1774 797 1790 .
818 1775 826 1790 .
848 1741 855 1790 ὲ
877 1727 1088 1813 .χρημ]αἰτων
1123 1726 1264 1812 μετέστω
1287 1729 1385 1812 αὐτῷ,
1418 1730 1451 1792 iu

324 1831 518 1897 Cerceiorum
541 1830 664 1895 decreto
687 1829 748 1914 ἐὰμ
763 1829 819 1914 μὲν
835 1836 897 1893 τῶν
920 1829 1110 1915 ἔξαγόν[των
1132 1831 1168 1914 ᾗ,
1186 1830 1353 1915 ἐλεύθερος
1368 1832 1451 1897 ἔστω

324 1936 404 1998 καὶ.
428 1983 435 1998 .
457 1983 463 1997 .
486 1934 510 2018 .]
533 1932 719 2019 μέρηζέστω
741 1933 828 2016 αὐτῷ
849 1979 857 1995 .
876 1931 931 1995 ἐὰν
953 1932 988 1996 δὲ
1010 1932 1111 1997 ἄλλου
1128 1935 1209 2009 τινδς
1223 1935 1258 2017 ᾖ,
1283 1933 1451 2019 ἐλεύθερος

324 2037 422 2123 ἔστ[ω
438 2039 535 2102 καὶ..
551 2085 559 2100 .
576 2085 598 2119 .,
615 2036 669 2102 scd
684 2055 763 2118 quae
777 2035 894 2100 fuerint
907 2035 981 2101 illae
997 2038 1109 2119 portes,
1122 2037 1248 2103 definire
1261 2057 1322 2102 nou
1339 2056 1450 2120 possu-

324 2159 405 2206 mus.
428 2140 592 2206 Servorum
607 2139 665 2205 illo
679 2140 795 2204 deletio
810 2138 942 2206 Athenis
958 2139 1174 2222 appellabatur
1192 2139 1335 2225 μήνυσις,
1353 2160 1451 2224 usque

325 2245 408 2310 enim
431 2244 511 2309 servi
534 2244 687 2309 actionem
709 2241 867 2308 intendere
881 2243 1026 2324 poteraut
1036 2241 1075 2318 ¹).
1120 2241 1197 2308 Cum
1213 2242 1450 2310 Atheniensium

324 2363 384 2412 usu
406 2345 579 2428 congruunt
601 2363 645 2423 oa,
670 2363 748 2426 quse
770 2345 802 2415 iu
817 2343 1008 2409 Julietorum
1030 2343 1151 2410 decreto
1166 2345 1288 2410 exstent
1302 2364 1332 2409 ν.
1347 2345 1390 2408 29
1405 2365 1450 2430 sq.

276 2451 283 2464 ’
325 2447 381 2511 ἐὰν
403 2447 438 2511 δὲ
460 2448 569 2524 δοῦλος
590 2449 611 2530 ᾖ
635 2447 652 2510 δ
675 2447 827 2532 μηνύσας,
852 2446 1020 2531 ἐλεύθερος
1041 2446 1138 2531 bosso)
1160 2449 1241 2525 eto.;
1264 2448 1296 2512 iu
1312 2447 1451 2514 Ceresiu-

324 2571 394 2616 rum
416 2552 520 2616 eutem
542 2549 665 2616 decreto
687 2570 717 2616 v.
742 2550 782 2613 19
805 2569 850 2632 sq.
874 2550 930 2614 ἐὰν
953 2550 987 2612 δὲ
1009 2549 1118 2626 δοῦλος
1140 2551 1161 2634 ᾖ
1194 2551 1211 2613 ὁ
1234 2550 1369 2630 ἐνδείξας
1391 2553 1450 2618 eto.

324 2654 378 2720 ubi
409 2671 482 2720 osvo
514 2654 631 2733 credes,
662 2671 765 2720 servos
789 2652 894 2719 Coresi
916 2651 1071 2730 ἐνδείξεως
1103 2653 1257 2719 actionem
1287 2656 1450 2722 iust'tuere

323 2757 471 2840 potuisse.

426 2860 499 2925 lom
521 2859 692 2937 videamus,
725 2877 860 2941 quonum
882 2858 1007 2936 ἔνδειξις
1029 2859 1141 2925 deferri
1162 2860 1316 2926 iubeatur.
1361 2861 1450 2942 Quod

323 2965 360 3054 ut
382 2963 590 3028 demonstrem
611 2964 819 3028 necessarium
841 2963 982 3027 existimo
1004 2963 1170 3046 utrumque
1198 2964 1301 3030 lecum
1324 2964 1374 3029 hio
1397 2984 1449 3030 ex·

324 3064 475 3130 scribere:

389 3203 582 3270 Cerceiorum
605 3200 772 3267 decretum.
1003 3203 1191 3270 Julieterum
1214 3205 1383 3272 decretum.

344 3345 373 3390 v.
385 3323 426 3388 16
439 3343 484 3406 sq.
507 3325 565 3409 τὴν
587 3324 621 3388 δὲ
645 3322 771 3404 ἔνδειξιν
793 3321 837 3388 ei·
955 3343 985 3389 ν.
1017 3323 1060 3388 35
1083 3344 1129 3408 sq.
1163 3325 1223 3410 τὴν
1256 3325 1290 3388 δὲ
1323 3324 1450 3404 ἔνδειξιν

323 3428 386 3513 ν]αι
396 3429 471 3512 πρὸς
480 3426 838 3512 τοὺςάστυνδμαυς,τοὺς
934 3427 1012 3491 εἶναι
1026 3425 1189 3513 Ἀδέμνησι
1211 3428 1267 3512 μὲν
1289 3431 1364 3512 πρὸς
1379 3431 1450 3506 τοὺς

323 3529 357 3594 δὲ
380 3529 572 3614 ἀστυνόμους
601 3529 721 3615 δοῠνα[ι
739 3577 747 3594 .
768 3578 776 3595 .
798 3577 834 3592 ..
933 3528 959 3615 [.
982 3577 988 3592 .
1011 3577 1018 3592 .
1040 3578 1047 3593 .
1070 3530 1129 3614 ,ἔν
1144 3528 1268 3596 Ἰουλίδι
1284 3530 1318 3594 δὲ
1336 3579 1344 3594 .
1365 3579 1373 3596 .
1395 3578 1402 3595 .
1424 3531 1450 3618 .]

322 3632 462 3717 ἡμερῶν
484 3632 527 3708 εἰς
549 3633 585 3695 τὸ
607 3633 820 3718 δικαστήριον.
934 3653 966 3696 αι
989 3635 1061 3710 τοὺς
1082 3633 1272 3717 προστάτας.

343 3754 372 3798 ν.
396 3732 439 3797 20
460 3753 505 3817 sq.
528 3734 622 3819 εῖν]αι
645 3735 679 3798 δὲ
695 3737 750 3798 καὶ
765 3736 837 3818 ἔφε-

323 3857 370 3901 σιν
392 3835 557 3923 Ἀδήναζε
573 3839 628 3901 καὶ
645 3845 689 3922 τῷ
705 3837 837 3923 φήναντι

323 3941 378 4002 καὶ
400 3948 444 4024 τῷ
467 3939 645 4018 ἔνδείξαντι.

426 4091 544 4174 Quibus
567 4114 604 4160 er
625 4095 726 4160 verbis
740 4095 882 4160 homiues
898 4094 981 4160 (loeti
995 4095 1195 4179 collegerunt,
1219 4091 1346 4172 ἔνδειξιν
1360 4093 1449 4160 illem

322 4197 458 4262 deletam
481 4216 548 4262 esse
571 4197 611 4262 ed
634 4196 764 4263 Oeerum
787 4197 913 4278 iudicis,
944 4199 1070 4265 licuisse
1093 4200 1197 4266 autem
1220 4201 1314 4265 etiem
1337 4215 1448 4285 provo-

425 4419 451 4485 1)
470 4418 504 4473 et
524 4419 635 4487 Lipsius
654 4419 671 4474 L
689 4420 707 4473 l.
726 4433 752 4487 p.
770 4420 823 4474 330
840 4433 882 4488 sq.
