3322 5302
892 494 935 560 80

350 699 478 785 βουλῆς,
511 699 645 766 Athenis
678 699 865 783 prytanos“;
901 699 1050 783 Rangabt
1082 699 1114 764 et
1150 697 1273 765 Giibort
1306 699 1412 778 (suut.
1445 698 1481 764 II

349 822 382 886 p.
405 801 483 884 204)
505 801 695 868 Boeekhium
718 803 817 868 seouti
839 804 923 868 sont.
976 801 1063 882 Quae
1089 801 1320 886 Dittenbergeri
1342 802 1385 866 sit
1407 819 1481 866 son-

350 905 458 983 tentia
481 903 543 969 diei
563 923 624 970 non
645 905 758 986 potest,
783 923 853 969 enm
884 905 938 970 ille
970 905 1051 970 naut
1080 905 1158 970 alios
1189 905 1276 970 tituli
1307 907 1373 971 eius
1393 905 1481 970 looos

350 1007 427 1073 satis
447 1007 605 1086 obscuros,
629 1007 725 1074 etiam
755 1005 945 1094 προβούλους
976 1007 1049 1073 illos
1077 1007 1204 1074 omnino
1235 1026 1296 1072 non
1327 1008 1479 1092 attigerit.

350 1106 491 1174 Ultimus
512 1109 550 1174 do
572 1109 631 1174 hac
652 1129 686 1174 re
708 1111 775 1192 egit
797 1109 1005 1194 Swoboda¹):
1029 1110 1121 1186 „dass
1143 1110 1189 1176 sie
1211 1109 1396 1194 Magistrate
1413 1128 1481 1175 aa·

350 1229 415 1290 ren,
438 1211 586 1278 soinliosse
607 1212 659 1277 ioh
680 1211 768 1278 nieht
789 1213 875 1280 bloss
897 1233 952 1280 aus
974 1213 1032 1278 den
1055 1213 1257 1292 donationem,
1279 1214 1329 1278 die
1344 1213 1390 1278 sie
1411 1213 1481 1277 hier

350 1316 498 1396 ursiton,
522 1315 654 1381 sondern
676 1315 805 1398 speeiell
829 1335 884 1382 aus
906 1316 978 1382 dem
999 1317 1115 1381 Passus
1146 1337 1173 1381 z.
1204 1315 1247 1380 33
1277 1326 1361 1398 sq.“;
1395 1316 1480 1381 oete·

349 1437 420 1483 mm
442 1437 516 1484 aava
548 1418 655 1484 orodes
686 1417 868 1484 Swobodam
902 1420 1025 1498 dixisse,
1056 1420 1153 1485 iirisse
1184 1419 1376 1506 προβούλους
1405 1419 1480 1484 illos

349 1521 563 1604 magistratus,
586 1539 659 1585 nam
682 1521 721 1586 oi.
744 1541 775 1604 p.
798 1520 841 1585 87
864 1541 928 1605 sq.:
953 1521 1038 1601 „Der
1054 1521 1212 1588 Vorstand
1234 1522 1288 1586 des
1303 1521 1420 1586 Rethos
1434 1521 1480 1587 ist

350 1622 438 1688 nieht
458 1623 579 1702 immor,
602 1624 659 1688 wie
680 1624 713 1688 in
736 1624 852 1703 Athen,
885 1625 953 1690 eine
978 1623 1171 1690 weohselnde
1194 1623 1390 1708 AbtheiIang
1411 1623 1479 1688 dio-

351 1743 401 1790 sor
421 1725 653 1807 Ktrpersohaft
677 1727 726 1791 ein
751 1727 931 1792 Aoseohuss
954 1747 1010 1793 aos
1031 1727 1114 1792 ihrer
1145 1727 1247 1805 Mitto,
1282 1725 1414 1792 sondem
1436 1762 1478 1772 -

351 1828 400 1892 ein
422 1827 473 1892 isar
494 1828 543 1892 ein
567 1829 664 1893 velles
686 1830 761 1894 odor
781 1830 832 1894 ffir
852 1831 903 1896 oin
934 1831 1042 1896 halbos
1072 1830 1152 1896 Jahr
1180 1829 1341 1895 bestelltes
1372 1829 1477 1912 Magi·

351 1930 623 2014 mamoollegium
646 1931 755 1998 dassen
778 1934 963 2017 Boiognisse
985 1934 1052 1999 sioh
1082 1933 1204 1998 freilioh
1226 1931 1478 1998 aussohliesslioh

351 2032 425 2098 odor
447 2051 517 2098 zum
554 2035 695 2114 grosston
717 2035 825 2100 Thoilo
847 2036 905 2100 auf
933 2036 983 2100 die
1014 2035 1150 2119 Leitung
1180 2035 1235 2100 des
1265 2035 1382 2100 Rathes
1404 2053 1477 2100 oon-

351 2135 568 2225 oentrierten.“
612 2136 658 2200 At
679 2155 751 2202 vero
773 2136 939 2223 πρόβουλοι
961 2138 1015 2203 isti
1037 2138 1090 2220 qui
1111 2137 1236 2216 fuerint,
1271 2138 1307 2202 ut
1328 2137 1476 2220 perspici-

350 2253 450 2310 emus,
473 2254 597 2302 neeesse
621 2239 670 2303 est
690 2259 726 2304 oa
749 2239 914 2322 diligenter
935 2240 1170 2323 perpendamus,
1194 2258 1273 2322 quae
1299 2239 1337 2305 de
1358 2241 1474 2322 probu-

349 2339 389 2404 lis
411 2340 444 2403 in
466 2357 502 2404 ao
523 2340 617 2404 titulo
639 2341 756 2406 tradita
778 2343 861 2406 sunt.
905 2341 1061 2408 Sollemne
1081 2342 1172 2421 illud,
1194 2343 1233 2406 de
1255 2361 1316 2424 quo
1341 2341 1387 2407 ibi
1407 2342 1475 2424 agi-

349 2444 410 2518 tur,
432 2443 465 2506 in
487 2441 565 2507 duas
584 2445 688 2525 partes
711 2444 846 2511 divisum
868 2447 951 2511 erat:
976 2447 1008 2530 1)
1024 2445 1177 2513 saorifioia
1191 2449 1223 2511 ot
1243 2463 1327 2522 eene,
1349 2448 1384 2528 2)
1398 2445 1472 2512 ludi.

351 2547 437 2627 Quae
458 2550 563 2629 partos
584 2550 621 2613 ut
641 2549 701 2614 rite
723 2551 863 2633 agantur,
898 2549 1064 2638 πρόβουλοι
1093 2549 1241 2615 iubentur
1272 2549 1304 2633 1)
1328 2547 1476 2615 saorifioia

351 2669 519 2734 nonamque
555 2653 679 2736 publico
716 2655 843 2736 sumptu
879 2655 1059 2737 perficiendi
1095 2653 1257 2738 negotium
1289 2653 1476 2735 redemptori

350 2753 545 2841 (ἐγλοιβύντι)
567 2755 745 2822 adiudicare
767 2759 860 2840 atque
882 2776 1037 2824 unacum
1067 2757 1229 2840 quaestore
1264 2758 1296 2822 ot
1326 2773 1472 2840 praecone

351 2857 530 2943 δοκιμάζειν
552 2861 593 2924 τὰ
615 2859 712 2946 ἱερεῖα
734 2865 790 2925 καὶ
811 2861 1010 2946 ἀφίστασθαι
1032 2864 1074 2925 τὰ
1095 2860 1174 2945 epse
1191 2860 1261 2948 ιιοιβ
1285 2862 1366 2947 τ]ῶν
1388 2860 1475 2944 ἱερῶν

351 2959 564 3044 προίστασθαι
585 2962 618 3045 2)
641 2962 731 3028 ludos
753 2964 853 3029 faeere
876 2965 1105 3046 victoribusque
1121 2965 1258 3046 praemia
1280 2963 1473 3029 distribuere.

350 3063 471 3128 Deinde
493 3083 523 3128 v.
545 3062 588 3127 33
610 3084 657 3147 sq.
679 3068 904 3149 praescriptum
926 3069 1037 3133 estrat
1059 3067 1094 3130 δὲ
1116 3065 1201 3130 δπλοι
1224 3065 1475 3150 παρασκευάζον

351 3169 409 3250 (so.
430 3166 470 3230 ad
491 3165 669 3250 lodoerooe
700 3169 890 3255 προβούλους
921 3172 992 3245 τοὺς
1023 3168 1160 3247 ἐξιόντας
1190 3171 1246 3232 aod
1275 3166 1475 3251 παραδιδόναι

353 3277 417 3344 τοῖς
438 3267 653 3354 ἐφισταμένοις
675 3270 732 3357 (so.
755 3272 794 3336 iis
817 3273 870 3354 qui
891 3271 975 3338 ludis
1006 3273 1155 3354 praesunt
1184 3272 1238 3358 (of.
1260 3270 1343 3336 infra
1364 3271 1383 3354 β
1404 3269 1438 3354 3)
1449 3268 1474 3352 ²)

351 3373 384 3438 et
404 3393 434 3437 ν.
456 3372 499 3436 36
522 3391 567 3455 sq.
590 3372 795 3439 annotatorem
817 3375 851 3438 δὲ
873 3377 929 3438 καὶ
951 3374 1165 3459 καταπάλτην
1186 3376 1257 3450 τοὺς
1287 3371 1475 3461 προβούλους

352 3477 424 3552 τοὺς
445 3475 495 3538 ἀεὶ
517 3476 607 3551 ὄντος
629 3479 685 3540 aad
707 3475 785 3562 βέλη
809 3476 986 3561 τριακόσια,
1011 3479 1102 3562 ἄχρις
1134 3478 1173 3541 ἂν
1204 3476 1366 3562 ἐπίκαιρον
1396 3476 1474 3559 δοκῇ

352 3579 431 3643 staro
452 3587 492 3662 τῇ
516 3578 615 3664 βουλῇ
627 3579 662 3660 ³).
708 3578 782 3645 Jam
803 3599 875 3646 roro
898 3581 1106 3663 quaerendum
1129 3581 1186 3659 est,
1209 3601 1285 3647 num
1307 3579 1474 3646 verisimile

455 3865 482 3938 1)
501 3868 649 3932 Swoboda,
667 3867 773 3936 misula
791 3867 1088 3934 volksbesohl.,1ups.
1107 3867 1176 3921 1890
1192 3882 1218 3936 p.
1237 3867 1280 3922 91.

454 3969 481 4041 2)
499 3973 584 4027 Falso
602 3973 691 4040 igitur
707 3971 841 4038 Rangabe
858 3971 961 4025 vertit:
989 3971 1018 4024 et
1045 3971 1087 4025 les
1110 3971 1262 4026 remottent
1290 3971 1308 4024 ύ
1335 3984 1410 4024 ooux
1427 3969 1475 4036 qui

353 4057 465 4112 entrent
483 4071 518 4112 en
536 4058 687 4112 fonctions.

455 4157 482 4226 3)
500 4159 595 4214 Verba
611 4160 661 4213 illa
678 4161 745 4214 sunt
762 4160 832 4214 satis
851 4160 979 4214 obseura.
1015 4159 1215 4228 Dittenberger
1242 4157 1374 4212 similiter
1391 4157 1475 4223 atque

353 4245 388 4300 de
404 4246 591 4311 ἐφισταμένοις
607 4247 693 4300 etiam
720 4247 755 4300 de
780 4246 836 4300 hoo
862 4246 925 4301 looo
952 4245 1023 4300 nihil
1042 4245 1156 4299 omnino
1175 4245 1256 4299 dixit.
1292 4243 1324 4298 U.
1344 4242 1475 4306 Koehler,

352 4332 520 4399 praeceptor
546 4333 718 4396 carissimus,
745 4333 817 4386 haee
843 4332 913 4386 mihi
940 4332 1070 4398 scripsit:
1100 4332 1169 4394 „Die
1186 4331 1299 4385 Glausai
1325 4331 1364 4384 ist
1385 4331 1475 4382 etwas

353 4417 475 4483 dunkel;
501 4418 552 4472 ioh
565 4418 699 4472 verstehe
725 4419 768 4472 sie
794 4431 836 4482 so,
863 4418 928 4472 dass
946 4432 1030 4472 wenn
1058 4417 1162 4473 einmal
1179 4418 1243 4472 eine
1260 4419 1393 4485 grdssere
1409 4416 1476 4470 zahl
