3336 5314
761 523 804 586 43

221 725 406 791 Feldherren
439 726 516 791 stete
540 723 726 791 vortreiilich
749 723 943 790 verstanden.
989 723 1073 788 Aber
1096 722 1153 788 den
1177 723 1268 788 Muth
1291 725 1344 790 ries
1376 711 1378 716 ’

220 827 334 894 Volires
357 827 646 906 auhechterhaltem
662 846 748 892 wenn
772 826 901 910 Philipp
924 827 1020 891 nahor
1040 825 1157 906 minime,
1181 825 1236 892 des
1258 826 1345 892 hatte

220 931 375 997 Niamand
409 950 442 997 so
473 931 647 1010 unmecht,
682 932 740 996 wie
772 930 825 995 der
862 931 994 996 beliebte
1018 929 1149 994 Redner.
1193 931 1236 994 Er
1257 930 1344 996 hatte

222 1035 309 1114 auch,
333 1034 425 1100 sollte
446 1053 519 1099 man
542 1033 672 1117 denken,
696 1034 750 1099 der
772 1033 905 1098 Ansicht
935 1034 1001 1098 sein
1024 1038 1162 1110 missen,
1184 1032 1256 1098 dass
1279 1035 1344 1098 sein

225 1136 312 1202 Plata
334 1137 377 1201 im
399 1135 596 1220 Angenblick
619 1135 674 1202 dor
695 1135 845 1200 hochsten
869 1133 986 1200 Gefahr
1008 1135 1058 1200 bei
1081 1135 1186 1200 seinen
1211 1134 1345 1200 Mithrir·

220 1257 294 1324 garn
317 1239 391 1305 sei.“
416 1237 495 1304 Sane
517 1239 551 1304 id
573 1257 631 1304 non
655 1237 730 1304 iecit
750 1239 861 1303 timore
885 1238 1025 1321 Philippi
1047 1237 1239 1319 perterritus.
1274 1237 1346 1302 Mea

221 1341 345 1424 quidem
385 1341 537 1407 sententia
574 1359 633 1406 non
668 1341 750 1407 male
783 1360 908 1407 cansam
940 1341 1097 1424 perspexit
1127 1339 1243 1405 Beloch
1276 1359 1345 1405 cum

221 1445 368 1525 scripsit:
413 1443 475 1523 „So
509 1444 638 1528 cntging
671 1461 704 1508 er
737 1445 791 1509 der
812 1443 1094 1526 Nothwendigkeit
1127 1461 1197 1506 zum
1219 1441 1345 1506 aweiten

220 1546 288 1612 Mal
311 1547 364 1613 der
387 1547 609 1630 Birgerschalt
631 1545 690 1611 den
729 1546 858 1612 Frieden
882 1547 941 1611 mit
963 1547 1090 1628 Philipp
1113 1545 1286 1627 emplehlen
1309 1565 1346 1610 zu

221 1655 378 1729 missen‚“
414 1669 486 1715 nem
508 1649 746 1715 Atheniensium
783 1649 901 1715 animos
934 1651 1138 1714 commutatos
1162 1665 1227 1714 esse
1249 1646 1346 1712 —id

222 1751 306 1833 qaod
328 1751 398 1817 luce
422 1751 535 1817 clarius
557 1770 592 1816 ex
615 1771 650 1818 eo
665 1753 839 1836 perspicere
854 1769 1031 1835 possumus,
1046 1750 1126 1833 quod
1141 1750 1346 1816 Athenienses

223 1853 389 1935 imparium
412 1852 594 1920 Charidemo
626 1855 854 1938 abrogaverunt
885 1857 976 1937 eique
1000 1854 1148 1920 Phocioni
1169 1853 1347 1918 detulerunt

224 1954 321 2038 (Plut.
345 1955 441 2021 Phoc.
467 1955 520 2034 16)
544 1993 584 2004 -
608 1957 848 2023 Demosthenem
872 1958 977 2041 fugere
1000 1977 1060 2022 non
1082 1958 1214 2038 poteret.

325 2057 436 2136 Clades
474 2057 697 2125 Chaeronensis
735 2061 824 2125 alteri
862 2062 1002 2126 societati
1034 2060 1209 2125 maritimae
1249 2059 1343 2124 finem

220 2161 380 2244 imposuit.
434 2161 638 2226 Athenienses
670 2162 752 2226 enim
783 2181 838 2244 per
869 2181 976 2244 pacem
1008 2159 1114 2238 illam,
1147 2181 1240 2244 quam
1274 2179 1344 2226 cum

221 2263 369 2348 Philippo
392 2264 537 2342 inierunt,
561 2265 696 2347 exceptis
720 2265 810 2344 Delo,
834 2265 936 2343 Sarno,
958 2265 1084 2340 Lemno,
1108 2265 1220 2343 Imbro,
1237 2283 1342 2330 omues

220 2367 338 2433 insulas
361 2368 541 2434 amiserunt.
587 2367 640 2433 Oei
663 2387 735 2451 ergo
757 2368 935 2434 libertatern
957 2369 1215 2450 recuperaverunt
1226 2367 1250 2450 ¹)
1274 2387 1345 2450 per-

221 2469 421 2552 tinebantqne
444 2469 484 2534 ed
506 2488 557 2534 eos
579 2470 675 2536 etiam
698 2472 810 2550 omnia,
828 2490 906 2553 quac
927 2469 960 2536 in
983 2471 1162 2537 universum
1186 2469 1223 2535 de
1246 2471 1346 2536 omni-

220 2571 278 2637 hus
301 2573 386 2654 pacis
408 2571 494 2636 illius
517 2573 710 2655 compotibus
733 2574 909 2656 accepimus
923 2573 959 2653 ²).

325 2674 375 2738 Ad
397 2674 505 2739 cadem
527 2676 668 2756 tempora
689 2675 882 2740 referendum
905 2677 962 2753 cst,
986 2676 1068 2759 qnod
1098 2676 1284 2742 Plutarchus
1308 2675 1346 2740 de

222 2775 413 2841 Timoleonte
436 2776 600 2859 narrat³):
634 2779 772 2862 καὶγὰρ
795 2775 1000 2862 Ἀκράγαντα
1023 2780 1078 2842 καὶ
1100 2777 1214 2861 Γέλαν,
1240 2777 1347 2854 πόλεις

223 2877 364 2963 μεγάλας
386 2879 466 2964 μετὰ
488 2880 541 2943 τὸν
557 2877 704 2945 Ἀττικὸν
727 2880 865 2966 πόλεμον
880 2881 941 2945 ὑπὸ
958 2879 1185 2966 Καρχηδονίων
1208 2879 1345 2945 ἀναστά-

222 3001 293 3058 τους
314 2981 538 3069 γεγενημένας,
565 2982 636 3048 τὸτε
659 2981 842 3070 κατῴκισαν
865 2986 924 3070 τὴν
949 2985 1005 3069 μὲν
1029 2982 1058 3048 οἱ
1083 3031 1090 3047 .
1112 3031 1119 3047 .
1141 3031 1148 3048 .
1170 3031 1203 3066 .,
1229 2985 1287 3068 τήν
1311 2981 1344 3046 δὲ

221 3084 249 3148 οἱ
280 3087 350 3168 περὶ
382 3085 499 3172 Γόργον
529 3087 569 3151 ἐκ
600 3085 674 3152 Κέω
708 3088 901 3164 πλεύσαντες
933 3090 988 3152 καὶ
1020 3085 1251 3171 συναγαγόντες
1273 3087 1345 3161 τοὺς

222 3187 371 3273 ἀρχαίους
401 3188 532 3266 πολίτας
564 3191 622 3256 etc.
657 3189 734 3257 Gela
756 3210 785 3261 a.
808 3190 872 3255 338
895 3189 994 3255 denuo
1016 3189 1127 3256 incolis
1150 3189 1345 3272 frequentat-a

222 3297 279 3356 est.
324 3291 424 3356 lirunt
446 3277 586 3368 tortasse,
610 3293 663 3374 qui
685 3311 811 3358 cansam
834 3294 993 3374 quaerant,
1018 3309 1072 3356 cur
1094 3291 1147 3356 Cei
1168 3291 1217 3354 illi
1238 3291 1271 3354 in
1294 3289 1345 3355 Si·

222 3393 326 3458 ciliam
348 3393 560 3476 migraverint.
602 3393 720 3460 Causae
743 3413 822 3477 quae
844 3395 960 3462 luerint
981 3393 1138 3478 migrandi
1160 3409 1233 3457 sane
1255 3393 1345 3475 igno-

221 3495 414 3575 ramus‚·sed
436 3496 578 3579 equidem
607 3496 777 3563 'Halmium
799 3516 859 3564 non
883 3497 964 3562 male
987 3496 1153 3562 coniecisse
1177 3494 1262 3578 puto,
1285 3494 1344 3558 mi-

221 3601 394 3684 grationem
416 3600 506 3668 illam
527 3619 587 3666 non
610 3601 702 3666 aliter
730 3620 797 3667 esse
819 3600 1033 3684 explicandam
1055 3600 1147 3682 atque
1171 3597 1346 3681 complures

327 3841 352 3904 1)
387 3841 500 3896 Insulae
518 3843 601 3904 enim,
620 3840 668 3908 qui
685 3840 859 3909 temporibus
887 3839 1004 3894 alterius
1023 3840 1169 3894 societatis
1188 3836 1346 3893 maritimae

224 3939 287 3982 cnm
306 3925 526 3981 Atheniensibus
544 3927 657 3982 inerant
674 3928 862 3990 consociatae,
892 3939 990 3980 omnes
1007 3925 1085 3992 pacis
1103 3924 1180 3978 iliius
1203 3925 1347 3991 compotes

221 4011 310 4066 luisse
327 4011 477 4066 videntur:
504 4012 533 4068 in
559 4026 629 4080 pace
655 4013 750 4066 autern
778 4012 808 4066 id
835 4011 1021 4066 constitutum
1048 4009 1137 4063 fuisse
1155 4009 1290 4064 discimus
1309 4024 1347 4064 ex

221 4097 314 4153 Schol.
332 4099 363 4152 in
380 4097 459 4152 Dem.
479 4097 513 4152 de
531 4113 585 4152 cor.
605 4097 657 4152 89:
675 4097 773 4156 αὐτοὺς
788 4097 951 4160 αὐτονόμους
967 4094 1030 4148 εἶναι
1048 4094 1090 4146 καί
1108 4093 1329 4163 ἀφορολογήτους.

325 4185 351 4252 2)
388 4185 530 4249 Schaeier,
548 4185 631 4242 Dcm.
649 4185 696 4238 111²
714 4201 739 4254 p.
758 4186 793 4240 27
811 4199 851 4252 sq.
871 4185 900 4240 et
917 4185 950 4240 51
970 4199 1010 4252 sq.

325 4269 351 4337 3)
388 4270 420 4324 ei.
440 4270 513 4325 Plut.
532 4271 631 4326 'limol
650 4271 703 4336 353
723 4271 812 4326 Grote
830 4272 857 4325 X
874 4287 900 4340 p.
919 4271 971 4326 467
990 4285 1049 4338 sq.;
1068 4269 1158 4332 Holm,
1178 4267 1226 4323 Gr.
1246 4267 1347 4323 Geseh.

222 4354 257 4408 ΙΙΙ
275 4369 301 4422 p.
319 4355 372 4410 460
389 4371 430 4424 sq.
449 4359 478 4411 et
495 4357 555 4421 468,
574 4359 608 4422 3;
635 4358 725 4422 Helm,
755 4357 856 4414 Gesch.
884 4358 959 4414 Sicil.
979 4357 1002 4410 ll
1030 4371 1056 4425 p.
1073 4358 1143 4421 215;
1171 4356 1256 4420 Heri,
1276 4355 1347 4410 Eiet.

222 4453 380 4506 numerum,
402 4441 510 4498 oxroni
529 4443 596 4498 1887
614 4457 640 4512 p.
660 4444 718 4498 124.
