3322 5302
880 491 924 557 90

341 699 414 766 stat.
458 699 505 762 Ao
526 697 632 764 Julide
655 698 779 780 quidem
803 697 937 779 quinque
960 697 1057 760 fuisse
1073 695 1227 778 strategos
1242 713 1337 776 supra
1352 693 1468 770 doeui3

340 801 561 866 Carthaeerlses
583 819 656 866 uero
679 803 741 865 tres
764 801 888 866 tantum
909 799 1055 864 habuisse
1068 799 1220 881 strategos
1233 797 1378 879 colligere
1393 815 1469 878 pos-

340 923 449 970 sumus
472 921 508 966 er
530 903 579 968 tit.
603 921 633 968 u.
660 905 708 981 14,
744 902 797 967 ubi
830 921 951 984 semper
980 904 1043 966 tres
1074 901 1291 966 enumerantur
1326 900 1469 983 strategi,

340 1009 393 1091 qui
415 1025 478 1072 una
501 1024 644 1071 eoronam
668 1006 726 1071 deo
749 1007 886 1084 offerunt,
910 1006 997 1070 velut
1019 1005 1069 1070 Ab
1091 1025 1120 1070 ν.
1138 1003 1180 1067 18
1202 1023 1247 1086 sq.
1263 1005 1349 1087 παρὰ
1372 1024 1468 1086 στρα-

340 1117 448 1195 τηγῶν
470 1108 692 1192 Φερεκλείοος,
717 1107 894 1192 Θεοδώρου,
918 1107 1093 1192 Ἐτεάρχου
1117 1109 1171 1172 τὸν
1186 1105 1358 1190 orepavor:
1384 1105 1466 1190 11¹).

438 1212 549 1295 ,Neque
565 1212 657 1294 plura
671 1212 734 1276 dioi
747 1213 878 1293 possunt
894 1211 932 1276 de
947 1230 1073 1278 munere
1096 1209 1389 1292 quaestorum.
1413 1209 1469 1274 ln-

339 1314 504 1380 voniuntur
516 1315 547 1378 in
562 1313 664 1378 t'tulis
680 1317 805 1380 nomina
821 1313 934 1398 ταμίας
944 1317 976 1380 εί
989 1311 1096 1398 ταμίαι
1111 1329 1189 1394 quae
1202 1329 1276 1376 eave
1287 1311 1468 1376 confundas.

340 1415 456 1500 Ταμίαι
478 1415 561 1480 enim
583 1415 632 1480 illi
654 1418 727 1480 sunt
749 1415 857 1502 ταμίαι
880 1424 942 1480 τῶν
965 1415 1054 1500 ἱερῶν
1076 1415 1261 1501 χρημάτων,
1287 1414 1325 1480 de
1355 1413 1468 1496 quibus

339 1528 410 1584 mox
431 1520 513 1584 infra
535 1518 720 1584 videbimus.
765 1517 930 1603 Ταμίας
952 1519 1068 1596 eontra,
1084 1519 1185 1600 quiin
1207 1517 1371 1599 permultis
1388 1517 1468 1580 titu-

338 1621 379 1685 lis
395 1623 504 1699 erstat
519 1623 567 1686 est
581 1621 617 1699 is,
635 1623 689 1703 qui
708 1621 840 1686 Athonis
863 1623 990 1687 vocatur
1012 1621 1124 1706 ταμίας
1147 1628 1201 1684 τοῦ
1223 1618 1338 1704 δήμου.
1363 1618 1468 1698 Quae-

340 1723 433 1788 storis
466 1723 552 1788 illius
585 1741 699 1788 munus
732 1723 872 1789 definivit
904 1723 1100 1800 Aristoteles,
1134 1723 1229 1788 Polit.
1260 1721 1322 1786 Vll
1352 1721 1394 1807 (V
1397 1721 1469 1804 1)8

310 1880 313 1888 ,
340 1845 371 1908 p.
399 1825 482 1890 1321
508 1829 527 1891 b
550 1825 592 1890 33
616 1825 701 1911 ἄλλη
725 1825 752 1888 δ’
774 1827 859 1911 ἀρχὴ
882 1829 957 1910 πρὸς
978 1825 1019 1909 ἣν
1042 1825 1074 1889 αἱ
1096 1825 1241 1910 πρόσοδοι
1263 1832 1326 1888 τῶν
1356 1833 1469 1889 κοινῶν

340 1928 557 2012 ἀναφέρονται,
591 1927 664 2012 παρ’
694 1929 737 1992 ὧν
768 1929 990 2013 φυλαττόντων
1022 1929 1196 2014 μερίζονται
1228 1931 1304 2012 πρὸς
1326 1927 1468 2013 ἑκοίστην

339 2030 503 2116 διοίκησιν.
551 2032 803 2098 administrabat
824 2032 937 2118 ταμίας
959 2035 1112 2098 aerarium
1135 2033 1304 2114 publicum,
1329 2032 1382 2096 sod
1406 2050 1467 2096 nou

338 2135 439 2200 multa
462 2134 499 2200 de
522 2133 790 2200 administratione
811 2136 868 2200 illa
898 2155 934 2200 ex
965 2136 1065 2202 t‘tulis
1100 2137 1245 2218 colligere
1278 2153 1463 2216 possumus:

338 2238 371 2300 in
393 2237 536 2319 plurimis
559 2239 660 2304 titulis
682 2239 808 2304 iubetur
830 2239 942 2324 ταμίας
964 2241 1111 2322 pecunias
1142 2258 1267 2323 erogare
1291 2240 1331 2304 ad
1357 2239 1467 2304 t'tulos

338 2339 496 2422 lapidibus
517 2340 705 2419 incidendos,
728 2343 805 2406 item
827 2343 860 2406 in
882 2343 1070 2408 Julietarum
1085 2344 1135 2408 t't.
1152 2363 1182 2408 n.
1200 2342 1241 2406 47
1265 2342 1305 2407 ad
1323 2360 1467 2407 eoronam

339 2441 524 2519 faciendam,
557 2442 589 2507 in
622 2442 816 2510 Coresiorum
846 2444 897 2510 tit.
930 2466 961 2511 n.
994 2447 1037 2510 66
1070 2447 1109 2511 ad
1140 2467 1232 2526 arma
1257 2443 1468 2530 praeparanda

340 2546 383 2625 (r.
407 2543 474 2621 35),
497 2545 529 2608 in
553 2546 660 2611 eodem
683 2546 804 2612 decreto
827 2567 857 2614 ν.
884 2549 922 2612 15
946 2547 1058 2633 ταμίας
1079 2567 1140 2614 una
1163 2567 1233 2614 oum
1255 2548 1394 2630 probulis
1417 2548 1467 2612 at-

340 2666 399 2731 que
421 2666 570 2729 praecone
592 2649 716 2715 iubetur
738 2649 918 2736 δοκιμάζειν
946 2652 987 2715 τὰ
1010 2651 1106 2735 ἱερεῖα
1128 2654 1185 2715 καί
1207 2649 1403 2734 ἀφίστασθαι
1426 2651 1467 2713 τὰ

443 2921 469 2991 1)
489 2923 686 2988 Strategornm
703 2921 819 2976 nomina
836 2921 907 2974 haee
926 2921 1040 2975 servata
1057 2922 1139 2975 sunt:
1218 2977 1219 2980 ,

627 3041 646 3094 I.
674 3040 927 3094 dulietarum
954 3040 1178 3108 στρατηγοί.

495 3137 642 3210 Ἐχέτιμος,
673 3136 829 3209 Νικόλεω[ς],
858 3136 1004 3210 Σ(α)τορος,
1034 3138 1165 3206 Γλαύκων,
1191 3135 1367 3209 Ἡρακλείδης

546 3225 598 3294 (Ol.
617 3225 827 3294 104,2=36322
846 3240 870 3280 a.
889 3224 963 3294 (ihr.)
982 3241 1008 3280 n.
1028 3227 1078 3280 127
1096 3240 1122 3280 V.
1142 3225 1176 3279 15
1194 3239 1234 3292 sq.

590 3347 987 3402 lI.Oarthaeensium
1006 3347 1227 3415 στρατηγοί.

493 3448 679 3521 Ἀρχέβοολος,
697 3448 860 3519 Ἐρατοκλῆς,
879 3447 1062 3519 Καλλισθένης
1082 3450 1118 3519 (n.
1138 3451 1172 3504 14
1191 3450 1229 3504 Ob
1247 3465 1275 3504 V.
1293 3452 1345 3519 36).

492 3533 641 3606 Σωκράτης,
659 3532 794 3604 Ἀρίστων,
816 3533 906 3595 Νικίας
922 3537 959 3605 (n,
979 3536 1115 3591 141181.
1136 3538 1169 3591 16
1187 3537 1247 3605 sq.).

493 3664 500 3678 .
514 3663 521 3677 .
537 3662 563 3676 ..
577 3622 661 3691 ξένης,
682 3619 871 3690 Πολύστρατος
886 3622 923 3691 (n.
943 3624 975 3677 14
993 3622 1035 3677 Ab
1053 3637 1080 3676 v.
1098 3624 1117 3676 4
1134 3622 1194 3691 ειη).

493 3705 703 3776 Ἀριστοπείιίης,
723 3707 846 3776 θεοκλῆς,
867 3705 1008 3778 Εὐκτήμων
1029 3709 1105 3779 (ibid.
1124 3725 1151 3764 v.
1171 3713 1203 3765 11
1224 3709 1284 3779 δίη).

495 3791 637 3862 Φερεκλῆς,
656 3793 804 3862 θεόδωρος,
821 3791 969 3864 Ἐτέαρχος
985 3795 1060 3864 (ibid.
1079 3811 1106 3850 ν.
1126 3797 1159 3850 19
1178 3795 1239 3864 sq.).
1284 3845 1288 3852 .

496 3877 596 3948 Χάρης,
616 3876 748 3948 Φιλοκλῆς,
767 3875 967 3948 Καλλίστρατος
983 3879 1058 3949 (ibid.
1076 3895 1104 3934 v.
1123 3879 1235 3950 30811).

443 3983 547 4038 Omnes
574 3983 605 4038 hi
623 3981 857 4039 Carthaeensium
883 3983 1036 4052 στρατηγοί,
1064 3997 1135 4051 quos
1162 3988 1277 4040 servato
1305 3987 1467 4054 temporum

339 4069 438 4123 ordine
456 4069 629 4132 enumeravi,
647 4070 683 4124 ad
709 4070 794 4123 linem
811 4069 849 4122 IV
867 4083 891 4122 a.
910 4066 973 4122 Chr.
992 4083 1065 4123 seeo.
1093 4071 1234 4125 referendi
1258 4073 1332 4135 sunt,
1363 4072 1413 4126 sed
1430 4086 1466 4125 ue

338 4156 423 4210 unius
442 4155 554 4223 quidem
572 4156 684 4223 collegii
710 4171 801 4210 annus
830 4155 940 4209 deliniri
967 4156 1077 4222 potest;
1103 4171 1130 4210 n.
1149 4157 1184 4210 14
1201 4156 1243 4210 Ab
1260 4172 1287 4210 v.
1315 4159 1334 4212 4
1351 4173 1391 4226 sq.
1410 4159 1466 4212 duo

337 4242 450 4296 tautum
467 4242 649 4296 nominantur
666 4243 794 4308 strategi,
813 4243 864 4296 sed
881 4241 1019 4295 Helbherr
1036 4243 1114 4296 reete
1132 4243 1333 4298 animadvertit
1360 4244 1395 4312 (p.
1415 4245 1466 4298 106

337 4328 397 4382 not
415 4325 460 4394 di:
490 4325 578 4390 ‚Pare
595 4328 648 4382 ohe
674 4328 696 4382 il
721 4329 800 4382 toruo
829 4327 908 4382 fosse
934 4327 1048 4381 mortuo
1074 4328 1165 4395 prima
1193 4328 1222 4382 di
1244 4328 1310 4382 dnir
1328 4329 1357 4384 la
1374 4330 1468 4384 oarioa

338 4427 425 4468 senza
443 4427 540 4467 essere
557 4413 633 4468 stato
653 4415 823 4468 sostituito.“
