3336 5314
747 504 766 568 7

655 593 857 606 -ιι-

117 797 120 802 ,
195 712 269 777 sunt
281 711 325 792 ¹):
348 712 459 792 poetae
476 707 650 775 Simonides
666 711 698 775 et
713 707 927 792 Bacchylides,
951 706 1158 772 Erasistratus
1173 706 1321 782 medicus,

174 814 322 896 ‚Ariston
345 812 584 896 Peripateticus,
605 813 764 894 praeterea
786 812 882 876 etiam
903 809 1053 876 Prodicus
1076 809 1240 892 sophistes,
1269 809 1323 892 qui

195 936 214 983 a
245 915 395 982 Strabone
426 916 458 980 et
491 913 647 997 Stephano
679 931 740 980 non
772 914 1039 978 commemoratur.
1081 911 1153 976 Non
1186 911 1323 978 alienum

196 1018 327 1100 deniquo
348 1017 472 1083 ridetur
492 1035 531 1082 ea
553 1017 683 1096 adferre,
706 1035 784 1100 quae
806 1015 892 1081 Plut.
914 1014 1077 1080 Demosth.
1101 1015 1120 1078 1
1143 1015 1176 1078 in
1197 1014 1323 1081 univer-

196 1140 265 1186 sum
288 1120 325 1184 do
346 1119 454 1187 Julide
478 1119 660 1184 adnotavit:
685 1119 745 1204 τὴν
766 1116 902 1182 Ἰουλίδα
924 1116 1015 1202 μέρος
1038 1119 1146 1202 μικρὸν
1168 1117 1265 1180 οὖσαν
1287 1118 1324 1181 οὐ

196 1222 339 1308 μεγάλης
370 1221 469 1307 νήσου
499 1230 558 1306 τῆς
588 1219 663 1286 Κέω
688 1255 726 1268 -·
750 1220 921 1304 ὑποκριτὰς
953 1220 1008 1304 μὲν
1039 1217 1181 1302 ἀγαθοὺς
1203 1217 1324 1302 τρέφειν

195 1327 251 1390 καὶ
266 1325 420 1410 ποιητάς;
437 1324 625 1390 Plutarchus
641 1324 723 1390 artes
738 1322 809 1388 illas
825 1322 859 1388 ἐν
874 1330 944 1398 ταῖς
959 1318 1078 1398 ἀδόξοις
1093 1323 1148 1385 καὶ
1163 1330 1324 1398 ταπειναῖς

195 1427 325 1493 πόλεσιν
348 1426 624 1514 ἀπομαραίνεσθαι
648 1425 733 1503 dicit,
758 1443 832 1508 ergo
854 1423 962 1490 Julislo
984 1423 1144 1490 florebant.

299 1531 399 1616 Supra
432 1531 578 1610 vidimus,
610 1531 800 1597 Julietarum
835 1530 959 1612 portum
989 1528 1076 1592 iuxta
1107 1526 1323 1592 Ocresiam

195 1635 301 1701 misse.
345 1635 428 1700 Urbs
459 1635 526 1713 illa,
564 1652 641 1716 qnae
673 1629 842 1718 Κορησσός
863 1631 914 1696 vel
937 1629 1084 1715 chqcicr
1117 1628 1277 1694 dicebatur
1287 1627 1323 1710 ²),

197 1757 223 1803 c.
246 1736 289 1801 25
312 1737 391 1802 stad.
424 1738 464 1803 ab
486 1737 592 1804 Julide
627 1735 765 1802 distabat
787 1734 984 1816 habebatque,
1013 1734 1164 1815 optimum
1190 1731 1246 1798 Cei
1275 1732 1325 1796 in-

197 1839 283 1906 sulae
305 1841 440 1923 portum,
462 1839 515 1922 qui
537 1838 628 1904 hodie
652 1855 771 1920 quoque
793 1835 957 1920 permagni
971 1837 1164 1901 aestimatur.
1200 1833 1324 1900 Nihilo·

197 1943 300 2006 minus
323 1941 519 2007 Coresiorum
542 1943 715 2023 emporium
738 1958 909 2022 numquam
932 1937 1062 2004 eandem
1083 1937 1194 2004 habuit
1216 1938 1324 2002 auoto-

197 2043 322 2110 ritatem
345 2045 438 2126 atque
459 2041 650 2108 Julietarum
674 2041 998 2123 Carthaeensinmque.
1044 2038 1154 2122 Neque
1180 2057 1253 2104 vero
1277 2040 1326 2104 est

198 2146 280 2228 quod
301 2147 459 2212 miremur.
504 2144 699 2212 Coresiorum
722 2145 806 2210 enim
823 2144 995 2225 emporium
1011 2159 1072 2207 non
1088 2141 1192 2223 potuit
1206 2141 1238 2205 iu
1253 2161 1324 2224 per-

197 2252 327 2332 potuum
339 2250 457 2314 certare
469 2267 539 2313 cum
549 2247 740 2314 Julietarum
751 2246 888 2329 emporio
897 2245 1124 2322 florentissimo,
1137 2242 1325 2310 Carthaeen-

198 2352 281 2418 sium
303 2353 405 2418 autem
429 2349 614 2434 emporium,
636 2351 697 2442 etei
717 2350 824 2432 portus
848 2350 914 2416 sine
937 2349 1003 2414 ullo
1025 2348 1186 2427 iere¹1erat
1207 2347 1326 2430 praesi-

199 2453 250 2520 ‹lio
272 2456 380 2520 contra
402 2456 512 2520 uentos
534 2453 808 2536 tempestatesque,
830 2452 899 2518 loco
922 2452 1019 2518 sitnm
1034 2453 1100 2517 erat
1122 2450 1197 2515 adeo
1214 2469 1326 2534 oppor-

198 2559 285 2638 tuno,
306 2559 344 2623 ut
365 2557 493 2624 certatio
514 2557 560 2622 ibi
582 2574 621 2622 ue
643 2556 774 2640 cogitari
796 2557 924 2640 quidem
944 2556 1059 2638 posset.
1103 2552 1143 2619 ‘H
1165 2551 1324 2640 Κορησία,

303 2799 328 2866 1)
347 2798 449 2853 Strabo
466 2799 484 2852 l.
503 2799 540 2863 l.;
558 2798 653 2866 steph.
672 2798 741 2866 Byr.
760 2813 782 2851 a.
800 2812 828 2852 v.
848 2793 949 2856 Ἰουλίς.

304 2885 331 2953 2)
349 2880 491 2953 Komaia,
511 2886 587 2952 quod
603 2885 781 2940 Broendsted
798 2899 824 2951 p.
843 2884 877 2938 86
905 2884 933 2936 et
951 2882 1069 2936 Wroth:
1097 2881 1156 2936 Cat.
1185 2881 1216 2935 oi
1239 2882 1327 2948 greelr

201 2971 279 3025 coins
298 2971 330 3025 ol
344 2969 427 3025 Crete
445 2972 500 3026 and
517 2972 566 3025 the
583 2971 698 3038 Aegean
715 2971 822 3024 islanda
849 2985 876 3038 p.
895 2971 928 3024 93
947 2969 1091 3032 exhibent,
1117 2981 1210 3035 neque
1237 2967 1327 3020 titulis

199 3071 292 3124 neque
309 3060 432 3112 nummis
446 3058 606 3113 confirmari
623 3059 735 3125 poteet;
756 3059 867 3112 codices
880 3059 976 3111 autem
993 3071 1051 3110 non
1063 3056 1184 3110 multum
1197 3054 1326 3122 probant.

201 3143 332 3200 Ceterum
359 3145 438 3198 urbis
465 3158 569 3199 nomen
597 3144 682 3210 atque
710 3143 817 3198 cultum
834 3143 973 3210 Apollinis
991 3141 1131 3196 Sminthei
1151 3139 1328 3194 Broendsted

199 3244 226 3296 p.
244 3229 287 3294 87,
306 3229 334 3283 G.
355 3229 385 3284 Ο.
404 3229 528 3293 Mueller,
547 3230 585 3283 kl.
605 3229 683 3283 Schr.
701 3229 721 3292 I,
739 3243 765 3296 p.
784 3229 826 3293 58,
854 3227 1000 3291 Halbherr,
1027 3226 1096 3280 Mus.
1115 3226 1175 3280 Ital.
1193 3226 1213 3290 l,
1231 3240 1257 3293 p.
1277 3225 1328 3279 194

201 3315 329 3370 Creticae
346 3316 436 3370 inisse
454 3316 573 3382 originis
599 3316 708 3382 putant.
746 3315 777 3368 In
800 3313 884 3368 Orata
909 3313 1004 3367 insula
1029 3312 1156 3380 proiecto
1183 3312 1328 3364 invenitm·

200 3395 319 3468 Κορησία
336 3399 423 3468 λίμνη,
442 3401 476 3454 ei
495 3400 590 3466 soeph.
608 3399 676 3466 Bya.
696 3413 717 3452 e.
736 3413 764 3452 ν.
782 3394 885 3465 Κόριον,
904 3398 1035 3461 Bursian,
1063 3397 1166 3463 Geogr.
1186 3396 1233 3450 Gr.
1259 3397 1284 3450 ll
1300 3411 1327 3464 p.

201 3485 270 3550 545;
300 3486 400 3540 deinde
427 3482 556 3542 nonnulli
574 3485 727 3552 scriptores
754 3485 879 3548 narrant,
897 3483 1034 3552 Apollinis
1053 3481 1192 3536 Sminthei
1219 3481 1327 3536 cultum

201 3587 219 3626 a
247 3571 364 3627 Teucris
391 3587 430 3628 ex
462 3571 546 3626 Grata
572 3571 699 3626 oriundis
726 3571 889 3626 institutum
920 3583 991 3626 esse.
1039 3569 1094 3624 Sed
1120 3569 1154 3623 de
1183 3569 1261 3624 cultu
1278 3569 1327 3622 illo

201 3658 231 3712 in
250 3656 334 3713 (lucta
359 3659 431 3713 nihil
452 3658 590 3714 habemus
618 3657 793 3724 compertum
811 3655 855 3724 (ci.
873 3655 1123 3720 Hellen-Rolnam,
1151 3670 1192 3722 gr.
1210 3655 1328 3723 Mylai

200 3759 227 3812 p.
255 3745 307 3800 255
338 3746 396 3799 not
424 3744 451 3812 2)
478 3745 583 3811 aliique
618 3743 772 3810 scriptores
809 3743 916 3796 cultum
943 3742 1023 3796 illum
1051 3742 1087 3795 ab
1117 3741 1181 3798 aliie
1216 3741 1328 3794 institu-

201 3832 263 3884 tum
281 3844 344 3883 esse
362 3830 494 3892 manuum
512 3829 662 3897 praeterea
678 3822 815 3895 Koppocor
832 3827 990 3895 appellatur
1019 3827 1105 3880 etiam
1131 3840 1213 3880 mons
1240 3839 1328 3892 prope

201 3915 345 3983 Ephesum
371 3915 482 3981 (Strabo
509 3915 575 3968 XIV
601 3914 661 3978 634,
679 3911 758 3981 1640),
788 3915 905 3968 exstant
931 3913 1017 3966 etiam
1044 3911 1192 3966 Oorassiae
1218 3911 1329 3964 insulae

203 3999 315 4068 (Strabo
333 3999 361 4054 X
377 3999 448 4066 488).
483 3999 558 4066 argo
576 4000 671 4066 potest
685 3999 798 4066 quidem
809 3998 1008 4052 Broendetedii
1023 3997 1165 4052 sententia
1177 4009 1329 4060 versasse,

203 4087 253 4140 sed
270 4099 322 4154 pro
350 4086 429 4140 certa
454 4098 516 4140 eam
539 4085 656 4138 minime
673 4084 772 4140 habeo.
808 4083 903 4150 stopo.
921 4081 990 4150 Byn.
1008 4082 1026 4136 l.
1045 4082 1063 4136 l.
1081 4081 1196 4136 scribit:
1224 4075 1328 4147 Κύριον,

202 4170 284 4229 τόπος
299 4170 328 4222 ἐν
345 4165 438 4238 Κρήτῃ
455 4169 507 4220 ἀπὸ
524 4169 607 4238 κόρης
621 4169 697 4228 τινός.
732 4169 764 4223 ln
782 4167 838 4222 Ceo
857 4168 1023 4222 colebantur
1039 4167 1182 4234 nymphae
1210 4165 1328 4230 (Heracl.
1368 4171 1371 4178 ’

204 4255 239 4311 de
255 4256 314 4310 reb.
332 4256 408 4324 publ.
426 4255 466 4309 IX
484 4255 499 4308 1
517 4254 548 4308 F.
566 4254 599 4309 Η.
618 4253 651 4308 G.
664 4254 689 4308 ll
706 4269 732 4322 p.
750 4254 803 4308 214
816 4251 867 4321 sq),
885 4253 1027 4320 nymphae
1045 4253 1140 4306 autem
1153 4250 1330 4320 appellantur

204 4343 290 4396 etiam
307 4343 383 4409 κόραι
401 4339 616 4410 (Preller·Plew,
635 4355 677 4408 gr.
689 4339 777 4408 Myth.
795 4339 807 4392 1
824 4353 850 4406 p.
868 4339 921 4392 593
937 4339 996 4392 not.
1009 4336 1045 4406 2).
1081 4337 1156 4404 Ergo
1166 4349 1233 4403 ,nou
1250 4334 1330 4389 intel·

203 4429 276 4495 lego,
296 4443 346 4482 eur
363 4429 442 4482 urhis
459 4440 563 4482 nomen
581 4427 637 4481 nisi
655 4440 693 4480 ex
711 4425 796 4480 Orela
812 4425 933 4492 petitum
951 4437 1015 4478 esse
1033 4437 1090 4478 non
1108 4422 1208 4490 possit.
