3336 5314
673 466 879 566 ..ss

211 670 361 736 historiae
376 668 512 735 Graecae
527 669 663 754 pertinet
677 669 883 751 quaestiones,
907 670 945 736 de
968 689 1029 752 qua
1050 671 1146 736 etiam
1168 690 1266 754 nuper
1280 672 1340 736 viri

212 773 297 839 docti
318 773 351 838 in
373 772 450 838 duas
473 773 577 855 partes
601 771 818 838 discedebant:
852 773 907 838 alii
928 773 1009 838 onim
1033 773 1070 840 11.
1093 773 1192 840 durtii
1215 774 1252 840 de
1274 775 1340 856 pri·

171 963 173 972 .
212 876 412 944 mirionum
444 876 571 942 sedibus
607 877 794 944 sententiam
817 879 1034 960 sequebantur,
1068 877 1122 943 alii
1143 897 1212 944 earn
1235 879 1338 961 impu-

211 981 359 1066 gnabunt.
383 978 508 1046 Curtius
523 980 608 1048 onim
629 981 713 1046 recte
736 981 851 1059 docuit,
868 999 946 1063 quaa
963 980 1139 1046 Herodotus
1161 980 1199 1046 de
1221 981 1339 1064 migra-

212 1085 298 1150 tione
319 1084 377 1149 ills
398 1083 564 1150 tradiderit
587 1083 615 1167 (Ι
638 1082 702 1148 146
724 1084 787 1165 ἀπὸ
810 1094 865 1148 τοῦ
887 1083 1079 1169 πρυτανηίου
1101 1093 1156 1148 τοῦ
1171 1083 1338 1169 Ἀθηνέων

213 1185 430 1271 ὁρμηθέντες),
453 1205 490 1252 ea
512 1186 641 1250 minime
664 1186 789 1268 probari
810 1206 910 1270 posse,
933 1206 1006 1252 nam
1021 1187 1117 1254 Jones
1140 1186 1341 1270 iampridem

213 1291 245 1355 in
268 1290 454 1374 Cycladibus
488 1291 521 1356 et
552 1290 584 1354 in
619 1289 717 1355 Asius
748 1289 879 1356 Minoris
911 1289 1055 1354 litoribus
1088 1290 1234 1373 viguisse,
1268 1308 1341 1354 cum

213 1394 354 1460 Athenae
377 1392 493 1460 nullius
527 1393 632 1460 essent
653 1393 814 1459 momenti.
860 1391 1005 1458 Ceterum
1027 1393 1120 1458 etiarn
1144 1391 1269 1459 curtius
1292 1410 1341 1458 er·

213 1498 303 1576 ravit
336 1496 419 1579 qnod
440 1495 537 1564 Jonas
570 1497 739 1580 migrantes
772 1497 824 1562 via
846 1515 970 1579 prorsus
994 1496 1149 1561 contraria
1169 1514 1255 1561 mare
1278 1495 1340 1560 Ae-

214 1617 328 1682 gaeum
349 1598 510 1664 transiisse
533 1597 681 1664 coniecit:
706 1597 760 1664 sed
783 1598 820 1663 ds
842 1617 875 1663 re
896 1597 953 1664 illa
975 1617 1045 1664 mox
1059 1598 1141 1664 infre
1155 1597 1340 1664 videbimus.

214 1701 262 1766 De
284 1701 522 1768 Atheniensium
552 1720 626 1782 argo
657 1701 785 1766 coloniis
807 1701 839 1765 in
861 1701 980 1766 insulas
1002 1700 1034 1770 et
1056 1699 1166 1766 Asiam
1188 1700 1342 1766 Minorem

188 1803 355 1870 deductis
388 1821 427 1868 ne
458 1804 590 1888 eogitari
612 1803 737 1886 quidem
760 1805 873 1887 potest.
919 1802 1073 1888 Colligere
1096 1803 1154 1872 hoc
1175 1821 1341 1886 possumus

214 1906 264 1972 rel
286 1925 322 1971 es
343 1925 388 1987 oo,
412 1906 494 1989 quod
516 1908 555 1974 ab
571 1907 707 1973 Homero
723 1907 929 1972 Athenienses
952 1907 1076 1972 silentio
1098 1909 1341 1991 praetereuntur,

214 2009 247 2074 id
278 2009 359 2092 quod
390 2009 458 2076 fieri
479 2028 541 2075 non
564 2010 728 2094 potuisset,
761 2011 788 2074 si
811 2010 954 2076 Athenae
976 2029 1008 2075 re
1030 2010 1241 2076 versionum
1262 2009 1341 2076 tuis·

215 2113 286 2177 sent
305 2112 496 2196 metropolis.
540 2113 638 2179 Porro
661 2113 720 2178 viri
753 2113 836 2178 docti
864 2132 959 2178 unam
981 2131 1048 2178 rem
1070 2112 1242 2196 neglexisse
1264 2111 1343 2178 mihi

217 2215 375 2282 videntur:
408 2215 484 2299 quid
507 2216 600 2296 enim,
615 2231 756 2299 quaeso,
789 2215 947 2281 Herodoto
969 2233 1047 2298 opus
1069 2217 1136 2281 erat
1157 2207 1271 2299 ubique
1294 2215 1342 2281 di·

215 2320 295 2384 sertc
326 2318 435 2385 docere
468 2318 677 2398 „⁹1ussrdcb
699 2317 897 2404 Ἀθηνὲων“,
930 2319 957 2383 si
988 2338 1038 2384 res
1068 2318 1125 2384 illa
1147 2318 1289 2384 omnibus
1312 2319 1344 2382 et

214 2422 309 2505 lippis
341 2423 415 2489 nota
445 2423 513 2488 erat
542 2425 575 2488 et
604 2422 806 2489 tonsoribus?
851 2422 1017 2488 Praeterea
1048 2422 1204 2504 permulta
1226 2422 1344 2488 Jonum

215 2527 348 2604 exstant,
367 2526 510 2610 vestigia,
542 2545 621 2609 qnae
652 2526 752 2592 multo
784 2527 960 2609 antiquiora
983 2527 1056 2592 sunt
1078 2545 1171 2609 quam
1194 2525 1342 2605 coloniae,

215 2645 292 2710 quas
307 2629 513 2696 Athenienses
536 2628 665 2696 condere
687 2630 855 2712 potuerint.
895 2627 956 2696 Sed
979 2649 1017 2694 ne
1038 2627 1155 2713 γλαῦκ’
1177 2627 1343 2713 Ἀθήναζε

215 2731 326 2797 tulisse
348 2731 464 2811 videar,
487 2751 585 2796 unum
608 2732 828 2798 documentum
850 2731 999 2798 adieram.
1036 2730 1186 2814 Cyclades
1208 2729 1280 2798 inde
1304 2729 1343 2795 ab

216 2835 443 2918 antiquissimis
465 2835 656 2920 temporibus
678 2835 939 2919 Amphictyoniae
963 2835 1108 2900 Deliacos
1134 2834 1222 2898 erant
1243 2833 1343 2916 parti-

217 2937 300 3020 cipes
323 2955 505 3020 summaque
520 2955 626 3004 eorum
642 2955 729 3004 sacra
745 2939 834 3004 arant
849 2937 1005 3020 Apollinis
1021 2936 1106 3002 Delii
1116 2935 1161 3021 ι);
1182 2936 1215 3001 in
1229 2933 1344 3020 hymno

215 3040 248 3104 in
264 3040 444 3123 Apollinem
460 3040 587 3106 Delium
601 3039 752 3122 inscripto
766 3058 852 3105 sacra
873 3039 931 3104 illa
954 3039 1243 3117 commemorantur,
1267 3055 1344 3120 quos

216 3160 323 3208 versus
357 3141 511 3208 Schocffer
543 3143 610 3207 iure
644 3141 683 3208 ad
720 3142 782 3206 Vll
816 3161 843 3206 a.
867 3140 938 3207 Chr.
962 3159 1041 3207 succ.
1077 3141 1203 3206 initium
1236 3139 1342 3207 refert.

216 3245 285 3310 lllis
302 3246 409 3311 autem
422 3245 616 3328 temporibus
631 3246 724 3328 atque
734 3244 846 3309 multo
869 3243 940 3327 post
956 3245 1096 3309 Athenae
1117 3243 1234 3308 nullius
1256 3244 1345 3309 erant

217 3350 376 3428 momenti,
391 3348 520 3430 ideoque
536 3349 635 3432 (nisus
651 3349 810 3431 praeterea
824 3347 1017 3413 documentis
1033 3365 1111 3429 quas
1127 3365 1221 3428 supra
1236 3346 1343 3428 attuli)

217 3448 425 3516 Athenienses
462 3451 632 3533 antiquitus
662 3449 910 3535 amphictyoniae
944 3449 1111 3532 participes
1144 3448 1238 3514 fuisse
1273 3465 1344 3513 cum

218 3549 390 3618 Schoelt'ero
423 3554 561 3636 praecise
594 3571 684 3637 nego.
729 3552 977 3633 Sedebamus,
1010 3570 1090 3635 quae
1112 3550 1212 3618 Curtii
1234 3550 1344 3618 advor-

218 3654 292 3720 sarii
314 3655 352 3721 de
373 3656 450 3738 ipsis
466 3656 599 3722 Athenis
622 3657 800 3736 dccnenmt,
823 3655 948 3739 probari
969 3674 1029 3722 non
1051 3656 1193 3739 possunt.
1227 3655 1345 3722 Jonnm

217 3757 301 3822 enim
323 3757 457 3842 vestigia
478 3759 510 3824 in
532 3759 602 3842 ipsa
621 3757 770 3826 Graeciae
793 3759 964 3825 continenti
986 3759 1014 3824 si
1035 3758 1259 3842 persequimur,
1283 3774 1344 3822 non

218 3961 306 4031 (1891)
325 3978 352 4032 p.
372 3964 386 4017 1
405 3977 465 4032 sq.;
483 3964 514 4018 h.
534 3964 639 4032 Meyer,
657 3964 757 4019 Philol.
777 3964 810 4018 N.
828 3964 859 4018 F.
877 3963 1002 4032 ll(l889)
1021 3979 1047 4032 p.
1061 3965 1113 4019 968
1131 3979 1189 4032 sq.;
1208 3964 1241 4020 N.
1259 3964 1290 4018 F.
1308 3965 1345 4019 ΙΙΙ

219 4047 307 4115 (1890)
326 4062 352 4116 p.
370 4049 422 4102 479
440 4063 500 4116 sq.;
528 4049 559 4102 E.
572 4048 694 4113 Curtius,
713 4049 829 4104 Hermes
847 4049 929 4102 XXV
947 4048 1035 4118 (1890)
1063 4065 1089 4117 p.
1113 4051 1163 4104 141
1191 4065 1232 4118 sq.
1260 4052 1345 4118 atque

218 4133 395 4201 Stadtgesch.
414 4149 441 4188 v.
460 4134 561 4198 Athen,
578 4135 653 4189 Berl
673 4135 739 4189 1891
758 4150 784 4202 p.
801 4136 853 4199 39;
882 4135 1018 4202 respuor,
1037 4134 1165 4190 'theseus
1182 4135 1241 4190 und
1258 4135 1344 4190 Petri·

217 4221 310 4284 thoos,
337 4221 368 4274 in
396 4221 680 4276 commentationibus
707 4219 736 4275 O.
759 4220 883 4275 Roberto
911 4221 1013 4276 oblatis
1041 4221 1109 4290 (Ans
1137 4222 1188 4275 der
1214 4221 1344 4288 Anomia)
1425 4258 1428 4262 -

218 4322 244 4374 p.
263 4308 298 4362 30
315 4321 373 4374 sq.;
392 4305 539 4371 Kirchner,
558 4307 652 4362 Attica
670 4309 699 4362 et
716 4305 967 4378 Peloponnesiaco,
986 4307 1093 4378 Gryph.
1113 4307 1188 4362 1890.

321 4393 347 4461 1)
367 4393 401 4448 cs.
420 4408 444 4449 e.
463 4407 490 4461 g.
508 4393 595 4449 Thur.
613 4393 650 4448 Ill
669 4394 727 4456 104,
745 4395 762 4448 3
780 4395 809 4448 et
827 4394 917 4450 strab.
936 4394 964 4448 X
980 4394 1040 4450 485.
