3336 5314
899 507 921 569 4

346 715 380 779 δὲ
402 714 469 798 δύο,
494 716 516 800 ἥ
539 735 574 780 τε
596 711 707 792 ’Ionan
730 717 785 778 acl
816 713 842 800 ni-
860 713 1026 800 Kapbala',
1063 706 1105 790 εἰς
1131 715 1168 791 ἃς
1191 713 1476 800 συνεπολίσθησαν

345 817 378 882 αἱ
400 815 519 899 λοιπαί,
553 817 575 902 ἡ
610 815 836 902 phelloenses
869 817 911 893 εἰς
943 819 1002 902 τὴν
1024 815 1194 901 Kephalos
1222 817 1243 902 ἡ
1267 817 1301 879 δὲ
1323 815 1471 902 Κορησίοι

345 921 388 997 εἰς
410 923 469 1006 τὴν
489 917 658 984 Ἰουλίδα.“
704 919 787 985 Plin.
811 919 843 984 ΙΙ
865 917 923 998 92,·
940 919 1005 984 200
1036 938 1107 986 vero
1140 919 1324 1003 simphciter
1354 920 1474 999 namet,

345 1023 465 1088 insulae
487 1023 608 1106 pentem
630 1023 730 1088 terrae
760 1024 847 1088 motu
868 1021 1014 1088 fluctibus
1037 1023 1180 1089 obrutam
1203 1041 1289 1100 esse;
1323 1024 1467 1106 quartum

344 1127 448 1192 autern
470 1125 587 1192 librum
610 1142 681 1190 cum
704 1124 860 1204 scriberet,
883 1126 915 1190 in
937 1127 1022 1194 fonte
1045 1145 1099 1193 suo
1123 1126 1218 1211 (hand
1241 1125 1333 1191 dubis
1356 1126 1473 1192 Erato·

343 1229 466 1311 sthene)
483 1246 520 1294 ea
535 1228 599 1294 lere
616 1227 743 1304 invenit,
768 1247 846 1310 quae
868 1248 950 1295 nunc
965 1230 1086 1295 exstant
1100 1231 1183 1312 apud
1199 1227 1391 1308 Strabonem,
1415 1229 1472 1312 qui

346 1331 479 1398 eundem
500 1331 738 1397 Eratosthenem
760 1333 884 1397 secutus
910 1351 978 1398 esse
1000 1332 1122 1398 videtur
1134 1333 1170 1416 ¹).
1206 1333 1280 1398 -Has
1312 1331 1389 1398 duas
1418 1349 1473 1396 res

343 1437 479 1502 immane
502 1437 654 1519 quantum
670 1433 1017 1518 discrepantesPlinius
1032 1438 1147 1501 temere
1163 1436 1304 1500 conexuit
1321 1471 1361 1482 -
1377 1434 1471 1517 quale

342 1542 478 1606 erratum
501 1557 562 1604 non
586 1538 682 1605 semel
703 1538 736 1602 in
758 1537 855 1602 Plinii
877 1538 966 1603 libris
990 1540 1131 1604 occurrit.

446 1642 493 1706 Dc
538 1641 710 1707 incolarum
742 1659 868 1707 numero
909 1641 988 1705 nihil
1020 1642 1205 1724 accepimus.
1249 1639 1401 1725 Beloch²)
1435 1641 1471 1706 in

341 1743 444 1810 insula
466 1741 527 1808 (ico
551 1762 579 1808 a.
602 1741 703 1827 425l4
726 1761 752 1808 c.
775 1741 861 1808 2000
883 1743 965 1807 cives
987 1743 1082 1808 luisse
1104 1744 1213 1826 putat:
1246 1744 1299 1826 qui
1320 1761 1471 1808 numerus

343 1864 417 1914 sano
437 1863 565 1929 prorsus
587 1845 636 1911 est
657 1847 803 1912 incertus.
848 1845 976 1911 Veteres
999 1849 1163 1930 scriptores
1192 1847 1368 1930 frequenter
1397 1846 1469 1912 lau·

342 1951 418 2016 dant
440 1949 596 2016 salubrem
618 1949 739 2017 insulae
761 1953 917 2030 naturam,
940 1952 1070 2036 ideoque
1100 1952 1273 2018 incolarum
1303 1967 1471 2016 numerum.

342 2053 418 2118 satis
440 2071 587 2137 magnum
611 2051 707 2119 inisse
730 2053 838 2120 dicunt
860 2057 884 2140 l.

442 2157 515 2224 dam
538 2175 610 2223 vero
641 2157 679 2222 ad
712 2157 796 2240 ipsas
820 2157 873 2223 Cei
894 2158 1015 2223 insulae
1037 2159 1128 2224 urbes
1152 2161 1356 2234 transeamus,
1388 2173 1469 2238 quas

341 2263 486 2345 quattuor
508 2260 605 2326 fuisse
629 2278 665 2325 ex
687 2259 847 2326 Strabonis
861 2260 1018 2342 Phniique
1040 2260 1118 2325 locis
1132 2278 1227 2341 supra
1241 2259 1346 2324 allatis
1360 2258 1469 2340 patet:-

341 2363 502 2442 Garthaea,
526 2364 620 2442 Julis,
645 2362 784 2441 Coresus,
807 2363 944 2428 Poiessa.
989 2363 1122 2428 Urbium
1143 2363 1267 2429 illarum
1292 2363 1371 2428 situs
1394 2379 1466 2426 cum

340 2487 358 2534 a
389 2466 614 2531 Broendstedio
636 2501 677 2514 -
700 2465 728 2531 si
758 2466 918 2532 Poiessam
953 2467 1107 2550 exceperis
1130 2504 1171 2514 -
1194 2466 1368 2531 accuratius
1403 2464 1471 2529 sint

339 2567 591 2657 definiti,.pauca
613 2586 691 2651 quae
714 2569 888 2652 cognitione
909 2568 1004 2651 digna
1027 2569 1091 2634 sint
1112 2569 1258 2634 adferam.

445 2670 707 2753 Antiquissimum
730 2671 1000 2754 superioribusque
1022 2672 1215 2754 temporibus
1237 2671 1467 2736 nobilissimam

339 2775 447 2841 urbem
470 2774 612 2858 equidem
636 2773 888 2840 (tatthaeum
919 2775 1015 2842 fuisse
1048 2777 1191 2841 existimo
1202 2775 1237 2860 ‘),
1268 2793 1368 2857 neque
1399 2774 1469 2839 sine

339 2880 423 2944 certa
445 2896 538 2944 cansa
560 2878 619 2944 hoc
641 2870 803 2944 contendo.
832 2878 896 2943 dc
917 2879 1053 2960 primum
1076 2878 1199 2960 quidem
1234 2877 1383 2944 traditum
1405 2876 1468 2955 est.

338 2982 509 3049 Phoenices
544 2983 576 3048 et
598 2980 690 3047 Cares
721 2982 837 3064 primos
867 2982 1002 3046 insulam
1033 2981 1210 3047 incoluisse.
1264 2981 1311 3045 De
1341 2981 1468 3064 reipsa

337 3085 418 3151 infra
440 3084 589 3170 dicam⁵).
632 3084 694 3150 Hic
715 3085 839 3150 tantum
861 3086 1043 3165 monuerim,
1068 3105 1104 3151 er
1136 3085 1221 3152 urbis
1255 3085 1378 3150 nomine
1399 3084 1499 3150 fon·-

338 3189 422 3252 tasse
444 3187 510 3251 iure
526 3186 632 3270 colligi
654 3203 753 3269 posse,
771 3185 1021 3252 Carthaeam
1044 3206 1063 3253 a
1078 3186 1286 3254 Phoenicibus
1306 3207 1373 3253 esse
1389 3204 1469 3253 con·-

338 3290 447 3357 ditam.
492 3288 662 3356 Olshausen
697 3290 822 3372 quidem
857 3291 1015 3357 contendit
1051 3292 1145 3356 -id
1180 3291 1261 3374 quod
1294 3292 1469 3358 diiudicare

441 3581 466 3647 1)
485 3579 627 3644 Strabone
642 3579 768 3634 Plinium
785 3593 869 3634 usum
888 3595 945 3634 non
964 3594 1028 3635 esse
1046 3583 1163 3636 nonest
1182 3581 1257 3648 quod
1275 3582 1375 3634 dicam.

438 3667 464 3733 2)
482 3666 589 3719 Beloeh
607 3665 625 3720 l.
648 3665 667 3719 l.
684 3679 710 3734 p.
730 3665 788 3720 181.

438 3756 464 3822 3)
482 3754 592 3808 Heracl.
608 3753 690 3807 Pont.
717 3754 735 3807 l.
753 3754 789 3820 l.;
817 3754 917 3808 Strabo
945 3755 963 3807 l.
981 3756 1008 3818 l.‚
1035 3768 1101 3808 nam
1123 3753 1270 3806 Strabonis
1298 3749 1385 3803 verba
1413 3752 1464 3799 τοῦ

336 3839 454 3907 διαρκεῖν
471 3842 527 3898 τοῖς
542 3835 633 3898 ἄλλοις
647 3839 694 3908 τὴν
712 3840 813 3909 τροφήν
830 3842 886 3895 huc
903 3842 1046 3908 pertinere
1063 3837 1240 3892 Broendsted
1266 3837 1283 3889 l.
1302 3835 1319 3887 l.
1338 3849 1363 3901 p.
1383 3833 1424 3898 64,
1442 3833 1462 3886 4

336 3929 399 3982 iure
417 3927 521 3981 docuit.

437 4011 464 4078 4)
482 4011 558 4065 Haec
570 4025 633 4065 cum
644 4009 820 4078 scripsissem
831 4011 1018 4066 animadverti
1027 4010 1193 4076 Kiepertum
1203 4007 1332 4062 similiter
1342 4005 1460 4069 dixisse,

335 4097 424 4150 fuisse
443 4095 609 4150 Carthaeam
628 4097 853 4164 antiquissimam
880 4097 991 4150 insulae
1017 4096 1115 4148 urbem
1144 4095 1177 4148 cf.
1195 4093 1343 4148 behrbuch
1361 4091 1386 4146 d.
1411 4092 1458 4156 alt,

336 4183 448 4249 Geogr,
466 4182 563 4236 Berlin
582 4182 650 4236 1878
666 4196 692 4249 p.
711 4183 763 4237 252
780 4184 838 4236 not.
857 4183 890 4236 3:
921 4181 1071 4244 „colonien
1088 4181 1236 4234 desselben
1254 4179 1360 4232 Volkes
1379 4177 1460 4244 (Phb-

334 4269 434 4336 nicier)
451 4269 596 4336 bezeugen
615 4268 723 4322 Namen
741 4269 796 4322 wie
815 4297 847 4306 -
866 4268 911 4322 die
929 4266 1010 4322 Stadt
1028 4266 1171 4321 Karthaea
1198 4265 1248 4320 aui
1262 4265 1346 4329 Keos,
1376 4265 1462 4318 cilen-

336 4354 388 4408 bar
406 4355 450 4408 die
468 4355 569 4408 iiltsste
589 4355 639 4408 der
657 4354 753 4408 lusel.“

436 4439 791 4507 mmwhpfflm
