3336 5314
762 470 807 534 23

219 676 305 741 rant:
331 675 581 760 demigraverunt
602 675 651 740 illi
673 675 808 758 quidem,
825 675 878 742 sed
900 677 1049 742 memoria
1071 694 1176 742 eornm
1199 676 1231 741 iu
1254 695 1344 741 omne

220 781 343 861 tempus
365 778 475 862 viguit,
499 777 533 842 id
556 777 638 860 quod
660 797 754 860 supra
775 779 901 844 uberius
925 777 1143 845 demonstravi.

192 882 194 886 '
321 879 394 946 Jam
417 899 489 945 nero
511 880 550 945 ud
572 880 666 945 finem
689 881 978 964 antiquissimorum
1006 882 1179 962 temporum
1202 881 1344 963 perveni-

220 1001 299 1048 mus.
343 983 510 1064 Reliquum
532 983 615 1048 euim
638 984 693 1062 est,
717 985 753 1048 ut
783 984 890 1066 paucis
914 1001 1067 1062 moneam,
1090 981 1187 1049 Coum
1208 985 1345 1050 insulam

221 1083 413 1168 aliquamdiu
435 1085 531 1150 etiem
555 1085 783 1152 Eretriensibus
814 1085 964 1170 paruisse,
988 1084 1022 1149 id
1044 1083 1124 1168 quod
1149 1085 1287 1167 sequitur
1310 1105 1346 1151 ex

221 1187 369 1252 Strabone
391 1186 422 1252 X
443 1186 526 1251 448:
560 1187 723 1273 »ἐπῆρχον
745 1187 779 1250 δὲ
803 1191 859 1268 (se.
883 1188 1087 1272 Eretrienses)
1120 1189 1175 1250 καὶ
1196 1186 1346 1270 Ἀνδρίων

220 1291 275 1353 καὶ
311 1288 433 1375 Τηνίων
469 1292 525 1353 καί
560 1289 702 1355 Κείων
739 1293 795 1354 καὶ
828 1290 936 1356 ἄλλων
968 1289 1106 1374 νήσων.“
1152 1290 1346 1356 Broendsted

220 1393 264 1475 (p.
279 1393 322 1457 68
345 1397 406 1476 sq.)
430 1394 640 1459 demonstrare
662 1395 790 1460 oonatus
812 1396 870 1472 est,'
886 1393 918 1460 id
941 1393 1114 1459 necessario
1137 1394 1209 1458 ante
1231 1411 1345 1459 annum

219 1493 285 1560 490
306 1497 426 1561 laetum
448 1515 534 1576 esse,
549 1515 620 1562 enm
642 1497 763 1562 Eretria
785 1516 820 1562 eo
843 1515 924 1562 anno
948 1515 966 1560 a
988 1496 1092 1561 Persis
1115 1495 1276 1561 devastata
1297 1481 1346 1561 at·

221 1617 279 1682 que
302 1600 466 1665 combusta
489 1599 580 1666 esset.
611 1599 672 1666 Sed
694 1601 770 1666 haee
791 1619 892 1684 nugae
916 1601 996 1678 sunt,
1020 1617 1093 1664 nom
1116 1598 1154 1664 (le
1176 1598 1242 1664 illis
1264 1599 1346 1663 tem-

220 1701 347 1782 poribus
381 1721 419 1766 ne
450 1702 580 1786 eogitari
612 1703 737 1785 quidem
759 1704 883 1786 potest:
919 1703 986 1767 inre
1009 1703 1092 1767 enim
1114 1701 1231 1767 Heisze
1254 1702 1347 1783 etque

221 1803 401 1884 nuperrime
430 1804 549 1870 Bosolt'
575 1805 607 1868 et
638 1805 734 1870 Helm
764 1805 823 1870 hoe
846 1805 908 1870 VII
931 1823 960 1870 a.
984 1803 1056 1870 (ihr.
1079 1823 1104 1869 s.
1128 1804 1246 1869 fartum
1280 1821 1347 1870 esse

222 1904 391 1972 doonernnt
402 1906 438 1988 ¹),
463 1927 534 1973 oum
550 1905 663 1974 Graeci
679 1909 792 1991 ubique
809 1907 945 1974 oolonies
961 1926 1032 1972 sues
1047 1906 1223 1974 conderent.
1246 1904 1352 1988 (inam⁴

222 2007 276 2073 diu
299 2007 352 2074 Cei
385 2011 613 2076 Eretriensibus
652 2011 812 2094 paruerint
849 2029 910 2075 non
942 2011 1074 2074 constat.
1118 2009 1347 2074 Dominationis

221 2109 408 2178 Eretriensis
446 2112 575 2178 fortasse
598 2113 699 2178 exstat
719 2112 897 2196 uestigium,
921 2114 949 2179 si
971 2112 1097 2195 quidem
1119 2111 1231 2176 titulus
1254 2110 1347 2176 (lore-

222 2215 340 2280 siorum
374 2219 418 2300 (n.
441 2217 497 2300 65)
521 2236 554 2281 re
578 2235 650 2281 urere
672 2217 720 2281 est
742 2215 896 2301 ἐγχώριος
908 2215 952 2300 ²):
999 2214 1223 2294 „maleherbe
1246 2213 1348 2296 inquit

220 2319 385 2394 Halbhem
411 2320 458 2398 „si
480 2321 585 2385 staura
609 2318 649 2384 da
670 2319 774 2402 quello
797 2319 830 2384 di
852 2319 935 2386 tutte
956 2319 986 2382 le
1009 2318 1137 2402 epigrafi
1160 2317 1299 2382 areaiohe
1316 2317 1348 2383 di

220 2421 305 2488 Keos
338 2439 393 2504 por
425 2421 589 2506 eollegersi
622 2439 678 2486 oon
701 2421 800 2504 quelli
822 2421 854 2486 di
877 2419 1001 2487 Goloide
1025 2419 1063 2486 ed
1085 2420 1244 2486 Eretriae
1267 2419 1348 2504 eogli

222 2525 351 2591 alfabeti
366 2543 432 2598 noo
456 2525 558 2590 ionici.
591 2523 630 2590 Se
652 2523 813 2608 l’epigrafe
836 2524 852 2589 ὲ
875 2525 1051 2589 veramente
1074 2521 1226 2607 ἐγχώριος
1249 2541 1265 2587 0
1286 2540 1347 2587 non

221 2627 262 2692 ha
284 2627 401 2712 origine
417 2628 574 2705 sereniora
597 2627 782 2692 raurisiamo
804 2626 835 2690 in
858 2645 928 2691 essa
949 2645 1011 2692 una
1032 2625 1148 2691 bueria
1169 2623 1242 2690 ‹lell’
1265 2625 1348 2689 anti·

223 2747 259 2795 oa
282 2731 491 2796 dominerione
514 2731 658 2795 eretriese
680 2729 751 2795 snll'
774 2731 907 2808 isole.“‚

326 2833 373 2899 De
395 2833 523 2917 reliquis
545 2833 666 2899 insulae
688 2833 762 2898 fatis
793 2852 891 2916 usqne
914 2833 954 2898 ad
975 2797 1059 2898 belle
1081 2832 1248 2897 Persarum
1270 2829 1349 2895 nihil

222 2936 371 3002 babemus
405 2937 607 3019 compertum.
652 2935 796 3002 Ceterum
818 2935 874 3002 Cei
896 2935 1017 3000 insulae
1038 2935 1130 3000 urbes
1154 2933 1348 3016 temporibus

223 3039 288 3105 illis
312 3057 405 3123 quam
427 3039 560 3105 maxime
582 3039 724 3104 floruisse
747 3039 893 3122 colligere
915 3055 1079 3122 possumus
1103 3057 1140 3101 ex
1162 3053 1276 3130 magno
1298 3055 1348 3100 ar·

222 3146 406 3228 genteorum
427 3161 626 3209 nummorum
649 3161 794 3208 numero:
827 3129 1125 3224 unaquaeque'urbs
1148 3159 1220 3206 suos
1243 3139 1348 3222 signa-

223 3247 278 3312 bat
300 3265 454 3313 nummos.
498 3245 560 3312 Sed
591 3245 628 3310 rie
660 3245 790 3310 Oeorum
823 3246 958 3310 nummis
992 3243 1108 3328 infra³)
1143 3243 1268 3308 uberius
1291 3242 1350 3307 erit

223 3349 398 3414 dicendum.

328 3591 354 3660 1)
391 3589 424 3646 of.
443 3590 556 3653 Heium,
574 3589 618 3644 De
635 3589 720 3643 rebus
737 3588 949 3651 Eretriensium,
969 3586 1123 3654 Gottingae
1150 3583 1226 3647 1889,
1253 3598 1279 3652 p.
1298 3585 1349 3649 233

223 3679 332 3743 anolt,
351 3678 399 3733 Gr.
418 3677 520 3732 Gesoh.
537 3677 549 3729 l
568 3677 682 3745 1103133
701 3675 791 3739 Helm,
811 3674 912 3729 Geseh.
931 3673 979 3728 Gr,
997 3673 1129 3750 10335.

326 3763 354 3834 2)
390 3764 424 3819 oi.
442 3763 595 3828 Klrohhois,
614 3763 692 3817 seue.
711 3776 734 3818 n.
750 3761 851 3816 Gesoh.
870 3761 895 3815 (1.
913 3775 955 3828 gr.
970 3759 1050 3828 Alph.
1061 3758 1139 3813 1887·
1158 3772 1184 3825 p.
1195 3757 1238 3820 91,
1256 3758 1314 3810 not.
1325 3758 1349 3820 1,

225 3852 274 3920 qul
301 3851 433 3906 similiter
458 3850 493 3904 de
519 3849 603 3904 titulo
630 3849 679 3904 1110
706 3848 861 3904 indioavit:
892 3847 948 3911 „als
972 3846 1023 3900 der
1040 3845 1145 3900 Sobrift
1170 3843 1244 3898 naelr
1271 3842 1351 3896 nieht

224 3937 404 4008 epiohoriseh
421 3937 460 3991 ist
473 3935 624 4004 Jedenfolls
642 3936 694 3990 mit
711 3935 777 3990 Hrn.
795 3934 934 3989 Ealbherr
948 3933 993 3986 die
1011 3945 1069 3986 von
1086 3931 1145 3986 ihm
1162 3929 1351 3997 mitgetheilte

224 4022 357 4078 Insehrift
369 4036 426 4076 von
444 4020 566 4076 Koresia
583 4035 620 4074 nn
635 4019 811 4084 betraohten‚
829 4032 914 4072 wenn
927 4018 977 4072 dos
990 4019 1066 4072 erste
1078 4016 1128 4070 der
1140 4015 1242 4069 beiden
1250 4013 1350 4067 Worte

224 4109 276 4162 mit
293 4108 354 4162 ihm
371 4101 442 4176 Ἠχώ
460 4120 496 4160 ru
513 4105 592 4160 lesen
610 4106 673 4160 ist.“

328 4192 355 4262 3)
391 4193 425 4247 of.
445 4192 510 4260 (lap.
529 4193 565 4246 ΙΙΙ
583 4193 599 4258 e
617 4193 634 4246 5
652 4192 713 4246 init.
