3336 5314
794 439 999 540 ...ee-

440 644 523 726 Quaa
557 645 635 711 duae
667 646 832 712 relationes
863 646 911 711 his
942 647 973 712 in
996 645 1089 712 rebus
1109 646 1190 712 inter
1212 665 1244 710 se
1270 645 1465 730 discrepant.

335 749 427 814 Prior
455 749 565 814 relatio
588 750 741 834 nymphas
767 750 902 814 insulam
930 750 1095 816 incoluisse
1118 750 1233 829 narrat,
1258 749 1357 816 altera
1380 750 1464 814 sim·

336 851 458 936 pliciter
479 852 555 918 dicit
579 851 626 930 „cl
648 855 707 937 τὴν
727 851 802 917 Κέω
825 853 1211 936 κατοικοῦντες“,’(]ιιίἰ)ῑιε
1231 853 1335 918 'verbis
1364 854 1465 919 mini·

335 974 385 1020 ma
416 955 567 1040 nymphas
604 955 794 1042 significatas
817 975 883 1021 esse
906 957 1002 1022 totius
1024 955 1085 1022 loci
1107 955 1464 1039 argumentumdocets

334 1058 418 1140 prior
450 1057 560 1124 relatio
581 1057 762 1124 Aristaeum
784 1056 939 1125 ininsula
961 1059 1021 1126 Ceo
1041 1060 1208 1125 educatum
1231 1077 1298 1125 esse
1321 1058 1405 1137 dicit,
1422 1060 1457 1124 in

335 1159 433 1226 altera
455 1161 617 1226 Aristaeus
640 1161 678 1226 ab
712 1161 822 1226 incolis
844 1180 970 1246 peregre
990 1161 1177 1238 advocatum
1201 1162 1232 1225 in
1256 1162 1354 1226 altera
1375 1161 1464 1226 rela-

334 1265 416 1330 tione
448 1265 609 1330 Aristaeus
644 1282 715 1329 cum
747 1265 921 1331 Arcadibus
959 1265 1120 1343 subvenit,
1158 1263 1313 1329 Pindarus
1351 1265 1455 1330 autom

333 1366 513 1445 Aristaeum
533 1368 641 1450 postca
662 1367 694 1432 in
717 1367 886 1433 Arcadiam
916 1387 950 1433 se
972 1369 1139 1434 contulisse
1161 1370 1274 1442 namet.
1320 1367 1462 1432 calami·

333 1470 407 1535 tatis
432 1469 597 1552 descriptio
620 1469 728 1535 eadem
750 1471 807 1550 est,
830 1489 901 1535 nam
918 1469 1000 1552 quod
1021 1471 1055 1534 in¹
1076 1473 1176 1552 priore
1191 1470 1342 1535 relatione
1364 1487 1462 1553 nym-

333 1573 412 1655 phae
424 1591 454 1637 a
474 1571 562 1637 leone
578 1573 739 1638 exterritae
753 1573 889 1638 insulam
912 1572 1066 1655 defugisse
1090 1571 1244 1651 dicuntur,
1260 1571 1353 1637 alteri
1374 1571 1462 1636 reia--

333 1675 410 1740 tioni
432 1693 494 1740 non
516 1676 687 1758 repugnat:
715 1676 763 1741 leo
786 1675 868 1740 enim
892 1663 1048 1759 significat
1069 1675 1222 1741 fervidum
1246 1677 1375 1752 aestum,
1401 1675 1461 1756 qui¹

334 1777 444 1856 effecit,
468 1778 504 1844 ut
525 1795 631 1842 omnes
654 1777 756 1843 insula
778 1778 878 1843 fontes
902 1773 1112 1843 exarescerent
1141 1780 1164 1860 ).

1357 1849 1361 1858 ι

435 1879 666 1964 Mythologicae
702 1881 899 1962 quaestiones
929 1898 1001 1944 cum
1032 1899 1106 1944 are
1128 1879 1286 1962 proposita
1309 1878 1372 1942 sint
1405 1897 1462 1942 se*

332 1983 464 2061 iunctae,
489 1983 550 2047 iam
574 1982 743 2061 videamus,
767 2001 858 2064 quem
880 1982 1016 2048 fructum
1047 2001 1082 2046 ex
1115 1981 1230 2047 fabulis
1252 1981 1316 2046 illis
1340 1979 1379 2044 ad
1401 1978 1459 2044 Oui.

332 2085 452 2152 insulae
474 2085 636 2152 historiam
651 2087 732 2151 recte
748 2086 991 2170 intellegendam
1006 2085 1161 2167 percipere
1177 2086 1341 2167 possimus.
1366 2082 1461 2162 Quod.

333 2189 452 2254 veteres
483 2189 647 2270 scriptores
669 2188 848 2253 Aristaeum
880 2190 936 2254 aut
971 2206 1041 2251 oum
1065 2187 1239 2252 Parrhasiis
1263 2207 1299 2252 ex
1320 2185 1462 2254 Arcadia

332 2292 454 2358 venisse
478 2293 532 2356 aut
553 2291 662 2372 postea
684 2291 715 2354 in
730 2289 897 2367 Arcadiam
919 2309 952 2355 se
976 2290 1143 2355 contulisse
1164 2291 1302 2368 narrant,
1320 2289 1460 2370 college-

332 2394 406 2456 runt
429 2393 576 2458 nimirum
597 2413 635 2457 ex
657 2393 793 2458 Aristaei
807 2393 954 2475 levisque
977 2393 1064 2458 cultu
1087 2395 1123 2482 et
1140 2391 1209 2458 Oeis
1232 2395 1264 2458 et
1280 2391 1460 2456 Arcadibus

333 2495 499 2560 communi.
557 2495 604 2559 Ex
650 2495 737 2560 cultu
781 2497 883 2559 autern
921 2495 1039 2572 duabus
1084 2495 1261 2561 civitatibus
1299 2496 1461 2560 communi

332 2597 460 2662 minime
498 2596 603 2681 colligi
639 2616 739 2680 posse,
774 2597 905 2662 alteram
937 2598 974 2664 de
1009 2599 1106 2662 altera
1140 2617 1210 2662 eum
1244 2591 1460 2680 adsumpsisse

332 2719 425 2782 supra
449 2700 538 2766 docui
552 2700 588 2784 ²).
613 2695 778 2766 'Arcadum
803 2720 876 2785 ergo
899 2701 1046 2778 coloniae,
1063 2701 1101 2765 de
1117 2701 1228 2783 quibus
1244 2701 1339 2766 etiam
1360 2700 1459 2764 huius

332 2803 443 2870 aetatis
466 2805 630 2886 scriptores
652 2804 746 2870 verba
766 2805 895 2882 faciunt,
918 2823 996 2886 quae
1018 2805 1076 2868 hac
1098 2823 1130 2867 re
1154 2805 1277 2870 tantum
1302 2803 1460 2882 usmetun

331 2924 455 2989 prorsus
477 2907 632 2974 tollendae
655 2909 737 2974 sunt.
774 2908 873 2990 Atqui
895 2907 1046 2972 scholium
1069 2927 1161 2988 supra
1183 2908 1368 2989 exscriptum
1392 2925 1457 2970 non

333 3010 456 3073 omnino
479 3009 705 3093 neglegendum
728 3011 785 3075 est.
807 3010 843 3074 ln
865 3011 966 3093 priore
991 3011 1074 3074 enim
1095 3010 1206 3077 scholii
1227 3011 1315 3092 parte
1339 3009 1458 3074 diserte

333 3112 483 3194 scriptum
521 3113 588 3178 est:
626 3111 863 3178 ἐπεκαλέσαντο
885 3111 1065 3196 Ἀρισταῖον
1088 3116 1141 3178 τὸν
1171 3112 1373 3188 Ἀπόλλωνος
1396 3113 1460 3175 καὶ

331 3338 385 3402 tur,
405 3336 562 3390 simillimas
582 3349 653 3399 esse,
667 3334 754 3388 'nemo
774 3335 818 3388 est
835 3335 904 3401 quin
922 3333 1065 3387 concedat.
1101 3333 1156 3387 Sed
1173 3334 1350 3388 Broendsted
1374 3349 1400 3401 p.
1418 3333 1458 3388 52

331 3423 402 3478 falso
429 3422 625 3477 Hermocharis
653 3421 850 3489 Otesyllaeque
876 3419 1006 3488 mythum
1034 3419 1150 3473 alterius
1168 3420 1280 3474 fabulae
1307 3420 1454 3486 exemplar

330 3508 419 3573 spuisse
437 3507 549 3560 docuit:
569 3507 602 3560 cf.
622 3507 720 3560 contra
730 3505 892 3568 Buttmann,
911 3505 1092 3572 Mythologus
1109 3506 1134 3558 ll
1147 3521 1173 3572 p.
1188 3507 1239 3560 115
1251 3513 1309 3572 sq.';
1327 3505 1472 3571 Dilthey„

330 3591 349 3645 l.
367 3593 394 3654 1.‚
414 3593 461 3658 qui
479 3593 540 3644 iure
557 3591 682 3645 fabulam
701 3592 735 3644 de
747 3590 868 3644 Acontio
887 3591 916 3643 et
928 3587 1054 3658 Cydippe
1064 3592 1248 3658 principalem
1262 3605 1324 3645 esse
1339 3591 1451 3644 demon-

332 3678 503 3730 straverunt.

435 3759 460 3830 1)
496 3760 627 3816 Eximiae
644 3760 846 3827 magnitudinis
864 3761 911 3814 ille
929 3761 982 3824 leo,
1001 3762 1049 3828 qui
1066 3776 1154 3830 prope
1171 3762 1267 3816 <Iulida
1284 3763 1368 3816 hodie
1385 3775 1457 3828 quo·-

331 3860 386 3914 que
404 3848 507 3911 exstat,
526 3861 564 3900 ex
581 3847 679 3900 nativo
698 3860 770 3900 saxo
789 3846 915 3914 sculptus
934 3847 986 3900 est.
1020 3847 1196 3902 Broendsted
1220 3848 1282 3902 iure
1308 3848 1379 3901 haee
1396 3847 1454 3914 pad-

329 3934 458 3987 notavit:
479 3933 552 3997 „Das
569 3932 764 3996 Felsenstiiek,
782 3945 895 3987 woraus
914 3947 945 3986 er
962 3934 1091 4000 gahaueu
1109 3935 1155 3998 ist,
1173 3935 1223 3987 hat
1240 3935 1345 4000 gewiss
1363 3931 1452 3986 durch

330 4020 410 4073 scine
436 4019 595 4073 natiirliche
612 4019 697 4072 Form
723 4019 787 4072 dem
813 4019 889 4074 alten
907 4019 1061 4074 Bilrihauer
1085 4020 1131 4074 die
1157 4021 1221 4074 ldae
1240 4021 1374 4088 gegeben,
1402 4020 1452 4072 der

327 4104 421 4160 Natur
446 4105 672 4160 nachauhelien.“
710 4105 743 4158 cl.
761 4104 945 4169 Broendsted,
969 4120 995 4172 p.
1023 4106 1073 4170 31;
1100 4105 1291 4169 Wilamovita,
1318 4104 1451 4158 Heracles

330 4192 562 4258 pfflmss

434 4275 460 4345 2)
495 4277 648 4332 Praeterea
664 4278 826 4332 Aristaeum
844 4279 928 4332 etiam
955 4278 1023 4332 alibi
1041 4278 1148 4333 cultum
1165 4279 1254 4332 fuisse
1271 4279 1456 4332 notissimum

331 4363 383 4416 est.
419 4363 452 4416 ci.
471 4363 558 4418 libros
577 4377 647 4430 quos
666 4379 752 4432 supra
768 4365 858 4419 attuli.
