3322 5302
755 472 797 534 55

213 691 319 749 παντες
341 672 536 758 ἐνδεέστερον
567 675 616 737 ἀεὶ
648 675 740 760 μέχρι
771 675 814 752 εἰς
836 675 921 761 ἡμᾶς
942 674 1147 761 οὐδὲαώμης
1172 675 1337 763 ἀξιολόγου
1436 742 1440 748 ,

214 774 310 839 τόπον
333 774 468 854 σώζουσι
494 797 501 812 ·
527 780 583 840 καί
607 777 640 841 αἱ
662 778 758 842 ἄλλαι
782 778 815 841 δὲ
838 779 944 854 πόλεις
966 779 1027 842 ἀνὰ
1049 777 1145 862 λόγον
1166 779 1252 865 πλὴν
1272 779 1337 844 Τα-

214 878 330 962 stipat
351 881 407 942 καὶ
429 877 610 944 Θεσπιῶν.“
655 880 762 962 „Quae
784 881 897 964 oppida
913 881 1045 964 quodam
1067 882 1204 963 tempore
1226 883 1338 948 floren-

214 981 337 1047 tissima
358 981 512 1061 fuerant“‚
536 983 674 1065 queritur
697 985 820 1050 Servius
843 984 999 1066 Sulpicius
1011 983 1036 1066 ¹)
1063 971 1162 1061 „nunc
1184 988 1339 1068 prostrata

215 1086 247 1149 et
268 1083 371 1148 diruta
392 1087 463 1150 aute
487 1085 591 1150 oculos
613 1087 739 1152 iacent.
757 1137 765 1152 .
782 1137 789 1152 .
807 1136 814 1150 .
831 1105 913 1172 oum¹
934 1105 993 1150 uno
1025 1087 1092 1150 loco
1121 1089 1169 1152 tot
1191 1088 1339 1169 oppidum

215 1187 366 1252 cadavera
387 1187 524 1270 proiecta
545 1188 676 1254 iacent‘·
723 1189 931 1254 Notissimum
962 1189 1057 1252 etiam
1089 1189 1136 1252 cst
1166 1189 1339 1256 11111Ηο-

214 1291 286 1355 ratii
309 1290 422 1372 (Epist.
445 1289 488 1355 ΙΙ.
510 1288 599 1374 281)
625 1310 759 1366 „vacuae
783 1291 955 1356 Athenae&
978 1290 1105 1354 Atrion
1128 1290 1255 1355 meliore
1277 1293 1339 1358 ior-

214 1394 291 1456 tuna
314 1389 368 1456 Cei
392 1393 441 1456 usi
465 1394 548 1457 suut.
592 1393 637 1458 De
669 1393 707 1458 iis
743 1393 824 1458 enim
849 1392 959 1458 Strabo
982 1391 1013 1456 X
1035 1391 1099 1454 486
1132 1393 1247 1458 similia
1276 1395 1340 1459 lere

214 1494 328 1558 tradit:
355 1493 464 1576 „Kese
486 1494 521 1557 δὲ
543 1495 727 1579 τετράπολις
749 1496 804 1581 μὲν
826 1493 957 1580 ὑπῆρξε,
986 1493 1146 1558 λείπονται
1170 1495 1203 1558 δὲ
1226 1497 1293 1583 δύο,
1317 1501 1339 1585 ἥ

216 1620 251 1663 τε
272 1581 391 1674 Ἰουλὶξ
416 1601 472 1662 καὶ
503 1599 713 1684 altoponte,
739 1602 782 1676 εἰς
805 1602 841 1676 ἃς
864 1599 1142 1686 συνεπολίσθησαν
1164 1601 1196 1664 ec
1219 1601 1338 1686 λοιπαὶ,

216 1701 238 1785 ἡ
261 1702 317 1786 μὲν
339 1701 486 1786 Ποιῆοσα
509 1704 552 1779 είς
575 1706 633 1788 τὴν
655 1703 825 1788 Rapsacen
847 1704 869 1788 ἡ
892 1704 927 1767 δὲ
949 1703 1093 1789 Κορησία
1119 1705 1162 1779 εἰς
1183 1706 1242 1789 τὴν
1262 1704 1340 1770 Ἰου-

217 1803 314 1868 λίδα.
337 1853 344 1868 .
366 1853 403 1869 ..
432 1805 622 1892 ἡΚορησία
655 1806 820 1870 κατοικίαν
854 1805 925 1870 οὐδὲ
959 1805 1070 1891 κώμης
1103 1808 1279 1892 ἔχουσα..
1303 1857 1337 1873 ..

217 1914 280 1971 τῶν
302 1915 360 1990 τῆς
381 1906 545 1992 Ποιήοοης
567 1907 707 1990 ἐρειπίων
718 1907 780 1989 ²).“
825 1906 969 1972 Ceterum
991 1925 1052 1970 non
1074 1908 1122 1971 est
1145 1907 1224 1989 quod
1247 1910 1352 1975 mirem

217 2029 297 2088 mur,
321 2029 390 2074 oum
413 2012 461 2074 tot
483 2011 629 2092 deinceps
653 2009 706 2074 Cei
730 2011 850 2074 insulae
872 2011 980 2074 ruinae
1015 2011 1189 2076 exstiterint
1220 2031 1341 2078 causac.

217 2113 325 2195 Neque
348 2131 496 2196 umquam
518 2115 627 2194 postea
642 2113 695 2178 Cei
718 2113 881 2196 pristinam
896 2114 1132 2196 prosperitatem
1146 2131 1342 2196 recuperasse

217 2215 370 2280 videntur.
901 2273 905 2280 .

322 2319 368 2383 Do
401 2317 546 2395 nummis,
571 2335 647 2399 quos
684 2317 825 2401 singulae
857 2317 949 2383 urbes
971 2337 1052 2385 saec.
1074 2317 1104 2381 ll
1130 2320 1161 2382 et
1182 2317 1197 2382 l
1221 2337 1248 2381 a.
1272 2316 1341 2382 Chr.

218 2422 426 2504 signaverunt,
448 2419 530 2484 inira
552 2420 676 2485 uberius
700 2420 801 2486 dicam
819 2419 857 2504 ³).

320 2522 456 2606 Longius
488 2541 582 2603 quam
615 2523 813 2588 institueram
849 2541 918 2587 sum
950 2523 1131 2604 provectus;
1163 2521 1344 2604 etreliqua

219 2645 392 2710 pergamus.
431 2627 533 2707 Atque
557 2625 636 2690 Ceus
658 2627 783 2709 quidem
806 2625 877 2690 inde
900 2627 939 2690 ab
961 2627 1025 2691 illis
1048 2627 1238 2708 temporibus
1261 2627 1343 2690 certe

218 2747 315 2811 usque
348 2728 388 2792 ad
410 2726 597 2809 Septimium
619 2727 768 2795 Severum
802 2729 890 2812 (ergo
912 2747 1009 2811 usque
1032 2730 1071 2792 ad
1093 2729 1218 2792 initium
1243 2728 1290 2790 ΙΙΙ
1312 2746 1343 2809 p.

219 2831 290 2897 Ohr.
313 2850 343 2894 ιι.
367 2832 405 2914 s.)
439 2831 471 2893 in
494 2829 732 2896 Atheniensium
765 2832 883 2896 dicione
914 2831 1066 2896 mansisse
1099 2830 1231 2895 ridetur.
1276 2829 1344 2898 Hoc

218 2935 284 2999 inre
315 2933 441 2998 Bocckh
471 2933 599 3017 collegit
634 2953 670 2999 ex
704 2935 797 3000 titulo
830 2955 860 2998 n.
891 2934 945 3011 61,
979 2933 1028 2997 cui
1063 2934 1273 3014 subscriptum
1297 2933 1361 2998 est·

220 3037 500 3123 ἐπιμελητείοντος
515 3036 749 3126 regingerus
772 3048 826 3102 τοῦ
842 3036 1074 3123 Τειμωκλείδου
1096 3035 1340 3123 Παλλην[έω]ς.

220 3143 267 3206 De
289 3140 482 3208 curatoribus
504 3141 569 3206 illis
593 3142 631 3206 ab
655 3141 896 3207 Atheniensibus
927 3141 1093 3223 impositis,
1116 3143 1169 3222 qui
1192 3139 1343 3225 ἐπιμελη-

221 3243 272 3308 ταί
293 3244 486 3321 dicebautur‚
521 3262 618 3325 nuper
653 3245 719 3327 egit
752 3243 937 3326 Koebler⁴).
982 3244 1029 3308 De
1065 3243 1257 3324 temporibus
1280 3243 1344 3306 illis

221 3347 300 3411 nibil
321 3347 386 3410 scre
408 3346 558 3410 hebemus
583 3348 784 3428 compertum.
828 3346 960 3410 Exstant
991 3364 1064 3409 sane
1086 3343 1226 3409 nonnulli
1249 3344 1344 3421 tituli,

221 3449 275 3514 sed
297 3448 346 3512 illi
369 3447 408 3511 ad
438 3465 534 3511 unum
565 3465 671 3513 omnes
695 3450 769 3512 sunt
789 3447 945 3511 honorarii
967 3448 1059 3529 atque
1083 3445 1250 3527 subscripti
1273 3446 1345 3511 sunt

222 3550 336 3616 statuis
360 3551 415 3615 aut
445 3549 668 3631 imperatorum
691 3549 901 3615 Romanorum
923 3550 978 3614 aut
1000 3567 1129 3612 uxorum
1150 3548 1344 3630 imperatori-

222 3673 310 3720 arum
333 3653 388 3718 aut
409 3653 562 3720 nobilium
583 3653 744 3718 hominum
760 3653 979 3720 Romanorum.
1017 3650 1161 3718 Ceterum
1183 3652 1345 3717 titulorum

221 3796 478 3804 ——u-——m

326 3877 352 3942 1)
388 3877 420 3930 ct.
440 3876 495 3930 (tic.
524 3879 567 3931 ad.
593 3879 657 3932 tam.
676 3879 714 3931 IV
731 3879 756 3941 5,
774 3877 799 3930 4.
836 3876 928 3930 Servii
946 3875 1063 3942 Sulpicii
1089 3873 1177 3927 verba
1202 3873 1346 3940 pertinent

224 3961 260 4016 ad
278 3961 364 4015 litora
381 3962 458 4015 sinui
475 3962 612 4016 Saronico
631 3963 796 4017 adiacentia.

325 4048 352 4114 2)
389 4048 422 4102 ci.
442 4050 527 4103 etiam
545 4049 616 4103 Piin.
635 4049 674 4104 IV
693 4050 734 4109 12,
753 4050 794 4112 62,
815 4048 862 4114 qui
880 4047 976 4101 tamen
992 4045 1065 4099 falso
1078 4043 1164 4097 urbes
1176 4043 1239 4097 illas
1260 4043 1347 4107 „marl

223 4135 390 4190 devoratas“
411 4147 475 4188 esse
493 4135 575 4188 dixit.

325 4223 352 4288 3)
388 4224 422 4278 ci.
443 4221 507 4289 Cap.
527 4221 563 4275 ΙΙΙ
582 4222 598 4287 t
616 4223 633 4276 5
649 4222 711 4275 init.

325 4309 353 4376 4)
388 4308 520 4372 Koeblcr‚
538 4307 627 4362 Mittlr.
647 4307 659 4360 l
677 4305 765 4376 (1876)
784 4321 809 4374 p.
820 4307 872 4360 267
890 4319 930 4374 sq.
942 4305 1072 4360 cictiam
1091 4305 1126 4358 de
1142 4304 1214 4359 Delo
1232 4303 1346 4359 Schnei-

224 4393 267 4448 i'er
284 4395 301 4448 l
320 4395 337 4448 l.
357 4409 381 4462 p.
401 4396 454 4450 200
470 4409 511 4462 sq.
