3336 5314
725 514 765 578 17

182 720 440 802 complectemur:
464 718 559 784 Jones
581 718 804 785 vetustissimis
826 720 1018 802 temporibus
1042 719 1236 787 Thessaliam
1257 723 1306 787 in-

181 825 343 890 coluerunt
372 825 405 888 et
426 823 552 905 quidem
575 821 768 900 Phthiotide,
790 822 872 888 uude
896 823 1019 890 Xuthus
1039 824 1161 890 venisse
1184 825 1307 892 dicitur.

180 929 228 994 Ex
249 927 411 993 Thessalia
431 927 527 992 Jones
562 925 815 1009 demigraverunt
849 927 1114 1009 comederuntque
1136 929 1251 1010 partim
1273 931 1307 995 in

180 1032 316 1108 Euboea,
340 1031 456 1108 Attica,
480 1029 638 1112 Argolide,
663 1031 778 1111 partim
812 1031 845 1094 iu
877 1030 988 1095 insulis
1010 1031 1043 1096 in
1066 1030 1221 1114 Asiaeque
1244 1033 1306 1097 Mi·

182 1135 265 1198 noris
287 1133 442 1199 litoribus.
487 1129 685 1196 Coloniarum
707 1132 834 1197 illarum
861 1133 950 1214 quasi
971 1133 1069 1199 nodus
1092 1135 1124 1198 et
1145 1134 1306 1199 vinculum

181 1237 269 1300 erant
301 1253 387 1300 saera
417 1232 573 1315 Apollinis
607 1233 701 1298 Delii.
744 1234 949 1300 Athenienses
980 1235 1152 1318 antiquitus
1184 1237 1308 1319 amphi-

181 1337 322 1421 ctyoniae
354 1335 499 1400 Deliacae
532 1354 593 1400 non
625 1337 712 1402 erant
749 1337 932 1419 participes:
967 1356 1034 1402 sero
1066 1337 1201 1416 demum,
1236 1355 1307 1403 cum

181 1441 323 1505 Athenae
356 1438 481 1504 omnino
513 1438 641 1503 lonicae
671 1438 772 1504 factae
805 1441 917 1518 essent,
940 1440 1146 1504 Athenienses
1177 1439 1217 1504 ad
1240 1459 1307 1506 am-

181 1543 392 1628 phictyoniam
414 1542 617 1606 accesserunt.
662 1541 752 1622 Quod
775 1543 892 1607 ueteres
915 1544 1079 1624 scriptores
1102 1543 1307 1608 Athenienses

183 1648 356 1730 antiquitus
386 1646 503 1728 primas
534 1645 567 1710 in
601 1645 832 1730 amphictyonis
867 1647 970 1730 partes
992 1646 1092 1729 egisse
1115 1644 1251 1726 tradunt,
1275 1647 1307 1712 id

66 1829 70 1837 ⁵
181 1751 290 1832 postea
304 1751 336 1814 in
352 1749 500 1814 maiorem
510 1747 750 1814 Atheniensium
762 1750 894 1832 gloriam
909 1749 1017 1814 fictum
1033 1767 1101 1815 esse
1116 1750 1214 1829 patet.
1236 1750 1308 1816 Nisi

181 1853 263 1920 huuc
285 1853 348 1917 fere
370 1853 402 1916 in
418 1851 553 1929 modum,
576 1850 777 1917 difficultates
793 1851 996 1935 probabiliter
1010 1851 1080 1916 tolli
1097 1871 1154 1917 uon
1167 1854 1307 1935 possunt.

284 1955 403 2036 Quibus
434 1955 613 2038 praemissis
644 1974 725 2021 nunc
756 1954 795 2021 ad
826 1955 1038 2038 quaestionem
1061 1955 1099 2019 de
1120 1956 1230 2038 priscis
1253 1955 1308 2022 Osi

180 2057 302 2123 insulae
333 2057 443 2122 incolis
474 2057 674 2122 revertamur.
719 2057 927 2140 Aptissimum
960 2056 1103 2138 equidem
1136 2075 1244 2122 censeo
1267 2057 1307 2123 ab

181 2159 423 2225 Atheniensibus
448 2158 613 2241 proficisci.
658 2159 759 2242 Supra
780 2159 916 2226 vidimus
939 2159 978 2223 ab
1000 2158 1158 2224 Herodoto
1181 2158 1306 2244 'l'hucy-

181 2259 312 2344 dideque
335 2260 411 2326 ceos
435 2261 586 2344 appellari
607 2261 701 2338 ἔθνος
715 2259 853 2326 Ἰωνικὸν
875 2261 938 2324 ἀπὸ
952 2259 1131 2346 Ἀθηνέων,
1148 2263 1307 2343 praeterea

181 2364 294 2430 diserte
330 2365 482 2430 traditum
513 2366 570 2444 est,
593 2363 803 2430 Athenienses
826 2363 1031 2429 Tharsidama
1054 2363 1131 2428 duce
1154 2364 1307 2430 coloniam

180 2468 212 2532 in
235 2467 370 2532 insulam
402 2467 497 2533 ileum
530 2467 694 2532 deduxisse
708 2466 745 2548 ¹).
789 2466 851 2532 Sed
882 2466 957 2531 haec
979 2465 1087 2531 Attica
1116 2467 1166 2534 est
1185 2466 1307 2545 relatio,

180 2572 217 2636 ut
238 2589 333 2654 supra
354 2571 499 2650 vidimus,
516 2589 589 2652 ergo
611 2571 690 2636 nihil
713 2571 837 2636 omnino
852 2571 973 2654 probat,
988 2588 1126 2653 quaeque
1142 2571 1201 2636 viri
1224 2569 1308 2637 docti

180 2673 420 2738 Atheniensium
441 2674 474 2738 in
504 2673 607 2738 insula
631 2673 691 2738 Ceo
714 2673 848 2756 vestigia
869 2673 1083 2738 vetustissima
1105 2674 1224 2738 exstare
1247 2674 1308 2739 sibi

180 2775 241 2842 sisi
263 2782 344 2854 suut,
369 2795 406 2840 ea
420 2775 524 2840 omnia
539 2775 705 2842 manifesto
728 2775 767 2840 ad
788 2777 886 2842 Joues
908 2776 1073 2858 pertinent.
1120 2775 1193 2840 Dixi
1215 2794 1308 2858 supra

180 2877 337 2960 Apollinis
359 2877 467 2962 Pythii
489 2896 578 2943 sacra
600 2877 742 2944 omnibus
764 2878 896 2944 lenibus
919 2877 1014 2942 nisse
1038 2877 1229 2942 communia:
1264 2879 1307 2942 si-

180 2979 298 3046 militer
329 2980 424 3044 etiam
456 2980 488 3045 in
521 2978 574 3045 Cei
605 2979 727 3046 insulae
757 2980 887 3045 urbibus
910 2979 1066 3062 Apollinis
1089 2979 1197 3061 Pythii
1220 2981 1308 3046 erant

179 3083 307 3167 templa,
331 3102 461 3166 quornm
492 3083 722 3149 nobilissimum
754 3083 833 3148 mihi
855 3082 1024 3149 Carthaeae
1055 3083 1151 3147 fuisse
1173 3082 1307 3148 ridetur.

181 3184 300 3250 Deinde
323 3185 400 3252 Ceos
422 3186 578 3252 artissime
611 3204 682 3251 eum
705 3185 806 3251 Deliis
839 3185 1017 3252 coniunctos
1042 3184 1137 3248 luisse
1161 3184 1306 3267 colligere

124 3351 126 3358 .
180 3307 344 3371 possumus
366 3309 402 3355 ex
423 3290 593 3370 Herodoto,
616 3291 670 3372 qui
691 3291 724 3355 in
746 3287 850 3355 insula
871 3287 950 3354 Delo
971 3305 1065 3370 prope
1088 3288 1190 3374 ipsum
1214 3287 1307 3351 Arte-
1366 3317 1370 3326 ·

181 3389 305 3456 misium
323 3390 453 3458 Oeorum
469 3393 670 3459 coenaculum
685 3392 781 3458 luisse
803 3391 880 3456 dicit
891 3390 936 3471 ²):
960 3408 1037 3472 quae
1061 3389 1129 3453 arte
1151 3406 1307 3454 sacrorum

183 3493 357 3561 communio
380 3514 416 3561 er
436 3515 469 3563 re
490 3497 547 3562 illa
568 3498 724 3580 sequatur,
748 3513 810 3560 non
833 3492 983 3576 estquod
1006 3490 1147 3574 pluribus
1170 3489 1307 3556 doceam.

182 3596 219 3660 Iu
242 3596 348 3664 fabula
368 3598 434 3678 ille,
457 3618 551 3683 quam
574 3617 668 3683 supra
688 3597 939 3687 commemoravi,
955 3593 1105 3660 Acontius
1122 3595 1153 3658 et
1167 3591 1308 3677 Cydippe

181 3698 222 3764 ad
243 3703 412 3787 panegyriu
440 3703 600 3768 Deliacam
633 3701 766 3785 proiecti
787 3721 855 3767 esse
878 3699 1050 3775 humantur,
1075 3716 1152 3780 quae
1176 3717 1225 3763 res
1248 3697 1308 3764 etsi

180 3820 236 3884 per
269 3823 301 3869 se
334 3803 413 3868 nibil
445 3805 565 3888 probat,
597 3805 703 3870 tamen
739 3822 810 3870 cum
833 3803 903 3868 aliis
926 3801 1121 3868 documentis
1144 3799 1309 3866 coniuncta

181 3975 437 3988 —2———....

286 4091 311 4160 1)
330 4091 364 4146 ct
383 4091 524 4146 Scholia
542 4091 660 4160 Dionys.
680 4091 789 4160 Perleg.
800 4093 852 4148 525
865 4091 978 4159 (Googr.
994 4089 1042 4144 Gr,
1060 4089 1126 4144 min.
1144 4089 1169 4142 ΙΙ
1187 4087 1307 4156 p.·450):

180 4175 281 4237 ταύτας
295 4177 346 4236 τὰς
360 4171 501 4236 Κυκλάδας
525 4169 661 4248 ἐπῴκησαν
689 4172 862 4246 ci'Arlnoaioc
888 4175 929 4228 rai
957 4174 1089 4245 ἡγήσαντο
1114 4177 1166 4226 τῶν
1192 4173 1242 4238 μὲν
1270 4173 1311 4232 εἰς

181 4258 256 4316 Κέων
275 4261 446 4332 θερσίδαμας
461 4263 513 4318 etc.

283 4348 393 4416 211111.
420 4347 458 4402 IV
476 4349 527 4402 36:
554 4345 648 4398 ὄπισθε
674 4349 721 4400 τοῦ
744 4343 910 4416 ’Λμτιμιοίου
928 4373 960 4386 ·-
980 4345 1121 4416 ἀγχοτάτω
1147 4348 1193 4398 τοῦ
1219 4339 1308 4414 Κηίων

181 4431 346 4502 ἱστιητορίου.
