3298 5304
912 519 974 582 134

378 723 494 808 Pythii,
519 721 662 802 θεοξὲνια
684 723 741 789 illa
762 724 919 808 Apollinis
941 726 1041 790 fuisse
1059 725 1213 804 videntur,
1236 726 1269 790 id
1292 725 1373 810 quod
1396 746 1450 809 per
1474 747 1507 793 se

378 827 642 892 verisimillimum
664 827 781 908 erat¹).
825 827 873 892 De
897 827 1100 894 sollemnibus
1123 828 1200 910 ipsis
1223 828 1301 894 nihil
1323 829 1486 894 discimus.

377 1003 382 1015 ‚
482 930 608 994 Διονύ
619 951 688 993 σια
703 931 984 995 commemorantur
999 930 1033 994 in
1049 929 1260 1013 compluribus
1284 930 1386 996 titulis
1407 933 1508 998 hono-

378 1032 477 1112 rariis,
500 1032 555 1098 ubi
578 1031 880 1114 coronaeDionysiis
895 1032 1066 1096 renuntiari
1081 1031 1245 1110 iubentur;
1269 1033 1299 1098 iu
1315 1033 1508 1099 Julictarum

377 1138 426 1203 tit.
448 1157 478 1201 n.
502 1135 543 1199 47
559 1134 700 1200 additum
716 1137 764 1201 est
786 1142 830 1218 τῷ
854 1135 951 1218 ἀγῶνι
974 1142 1036 1198 τῶν
1059 1134 1239 1218 τραγῳδῶν.
1287 1137 1417 1201 Constat
1433 1155 1507 1220 ergo

377 1238 551 1322 tragoedias
573 1237 732 1320 Dionysiis
756 1255 823 1302 esse
846 1239 941 1302 actas.
996 1237 1041 1302 De
1064 1237 1230 1302 comoediis
1253 1238 1332 1302 nihil
1354 1239 1507 1304 habemus

378 1343 580 1425 compertum,
603 1340 656 1406 sed
679 1339 716 1404 de
738 1359 771 1404 re
793 1343 862 1422 ipsa
884 1339 1020 1404 dubitari
1042 1358 1101 1404 non
1128 1341 1279 1423 potest).
1333 1341 1380 1404 De
1413 1341 1507 1406 thea-

376 1447 445 1524 tris,
469 1444 619 1528 choregis¹
644 1443 755 1520 choris,
779 1443 982 1508 histrionibus
1006 1462 1101 1525 supra
1131 1442 1255 1508 uberius
1287 1443 1351 1508 dixi
1374 1445 1418 1527 (p.
1444 1445 1507 1508 124

377 1547 448 1630 sp).
492 1547 562 1612 Mos
578 1548 646 1611 erat
660 1545 790 1612 exordiri
806 1546 957 1630 Dionysia
980 1545 1184 1625 asscribens,
1199 1545 1238 1610 ad
1261 1565 1339 1628 quae
1363 1548 1507 1630 spectant

377 1669 422 1729 ee,
446 1668 524 1732 quae
547 1649 662 1731 scripta
676 1649 810 1732 legimus
833 1648 915 1732 apud
937 1649 1053 1714 Athen.
1075 1649 1106 1713 X
1128 1647 1193 1712 456
1216 1649 1253 1712 d:
1280 1649 1331 1723 „ot
1353 1647 1388 1712 δέ
1410 1671 1506 1733 φασιν

377 1753 410 1817 ἐν
432 1750 556 1816 Ἰουλίδι
579 1752 633 1815 τὸν
655 1757 699 1834 τῷ
723 1749 859 1835 Διονύσῳ
883 1749 1037 1835 θυόμενον
1060 1750 1132 1836 βοῦν
1154 1750 1215 1814 ὑπὸ
1238 1771 1319 1826 τινος
1349 1758 1412 1814 τῶν
1435 1773 1505 1815 νεα-

377 1854 492 1919 νίσκων
523 1853 677 1918 aelectus
707 1852 867 1918 scisses
924 1853 1011 1918 Idem
1042 1853 1163 1918 constat
1195 1853 1232 1918 de
1265 1852 1506 1920 Atheniensium

376 1959 504 2042 ephebis
527 1958 565 2024 cf.
589 1957 622 2024 d.
646 1959 677 2024 J.
693 1958 739 2048 A.
763 1957 794 2022 II
817 1956 1005 2022 467=Ditt
1029 1957 1106 2040 Syll.
1129 1977 1160 2022 n.
1183 1957 1246 2020 347
1269 1977 1298 2030 ν.
1315 1957 1358 2020 16
1381 1977 1426 2041 sq.
1451 1962 1505 2022 καὶ

378 2064 441 2139 τοῖς
463 2060 618 2146 Πειραίοις
640 2068 685 2146 τῷ
709 2059 846 2145 Διονύσῳ
869 2068 982 2144 ταῦρον
1004 2062 1060 2123 καὶ
1084 2060 1219 2143 ἔθυσαν,
1254 2069 1318 2137 τοῖς
1339 2082 1375 2125 τε
1399 2061 1504 2126 Διονυ-

377 2165 452 2243 σίοις
474 2166 580 2250 ἕτερον
603 2165 677 2251 βοῦν
699 2163 741 2240 ὡς
763 2165 815 2243 dcc
833 2163 1006 2228 >ceillierus
1028 2163 1217 2249 παρήγαγον
1249 2173 1289 2249 τῇ
1322 2173 1446 2251 πομπῇ,
1473 2167 1505 2228 ὃν

376 2270 432 2331 καὶ
447 2267 569 2331 ἔθυσαν
592 2267 624 2331 ἐν
642 2274 687 2350 τῷ
704 2265 808 2351 ἱερῷ.“
854 2267 900 2330 Ex
914 2259 1021 2331 verbis
1033 2266 1098 2330 illis
1114 2267 1179 2331 sino
1196 2266 1289 2332 dubio
1305 2267 1402 2333 etiam
1414 2267 1504 2332 colli·

376 2389 447 2456 gere
470 2388 643 2452 possumus,
666 2369 700 2433 in
723 2369 825 2434 insula
847 2368 907 2435 Ceo
930 2370 1025 2434 etiam
1056 2387 1201 2452 pompam
1232 2369 1322 2434 illam
1345 2369 1504 2452 Dionysiis

375 2473 480 2538 fuisse.
525 2472 656 2555 Singula
679 2473 842 2538 sollemnia
865 2490 939 2555 ergo
961 2472 1078 2536 Atticis
1101 2471 1192 2554 plane
1208 2473 1325 2537 similia
1338 2473 1434 2538 fuisse
1456 2474 1503 2538 vi-

376 2575 497 2641 dentur.
543 2583 544 2586 ’

477 2675 769 2763 Ἀσκληπίεια
791 2678 913 2742 exstant
934 2678 967 2742 in
990 2673 1242 2743 Carthaeensium
1261 2677 1370 2758 11114
1388 2677 1426 2754 Β,
1451 2678 1503 2742 sed

376 2781 413 2846 de
436 2781 637 2846 sollemnibus
660 2799 697 2845 ex
718 2779 811 2846 titulo
834 2780 890 2845 illo
912 2780 992 2844 nibil
1014 2780 1174 2847 discimus.
1220 2779 1298 2844 Cum
1315 2799 1387 2845 vero
1410 2799 1504 2862 supra

376 2883 554 2962 uiderimus,
578 2884 729 2968 Dionysia
759 2884 998 2948 Atheniensium
1029 2883 1187 2967 Dionysiis
1218 2901 1343 2966 prorsus
1375 2902 1503 2966 respon·

376 2989 467 3064 disse,
491 2988 655 3071 Asclepiea
676 2989 741 3066 illa,
766 2989 847 3054 sicut
868 2988 1010 3064 Athenis,
1035 2988 1084 3052 die
1106 2988 1244 3070 proximo
1266 2987 1339 3053 aute
1353 2987 1502 3070 Dionysia

375 3090 530 3156 celebrata
552 3109 619 3157 esse
635 3091 819 3157 coniecerim
829 3089 866 3174 ³).
911 3089 1030 3170 Quibus
1053 3092 1205 3156 concessis
1232 3090 1398 3173 Asclepieu
1419 3088 1502 3154 haud

375 3193 468 3259 dubie
490 3213 551 3260 non
574 3195 665 3262 aliter
686 3195 858 3279 agebantur
880 3195 972 3278 atque
990 3193 1132 3274 Athenis,
1150 3195 1190 3261 cl.
1209 3193 1355 3260 Aeschin.
1371 3194 1402 3258 in
1420 3193 1501 3259 Otos.

477 3498 502 3564 1)
522 3497 555 3552 uf.
574 3497 695 3565 Hesych·
714 3511 736 3550 s.
755 3511 782 3550 v.
802 3491 1128 3556 θεοξένια”11πόλλωνος
1154 3494 1234 3564 ἑορτή
1266 3496 1295 3550 et
1322 3509 1394 3563 quae
1412 3497 1501 3552 Dene-

374 3588 438 3649 keu
457 3586 501 3640 De
517 3585 681 3640 theoxeniis
698 3583 791 3638 Berol.
812 3583 888 3646 1881,
906 3597 932 3650 p.
951 3582 968 3635 8
986 3595 1027 3650 sq.
1046 3581 1200 3636 adnotavit.

476 3671 502 3737 2)
520 3671 612 3739 Atque
629 3672 684 3725 hae
701 3671 768 3724 data
786 3671 936 3725 occasione
954 3683 1071 3723 mouere
1089 3669 1174 3722 liceat
1192 3665 1264 3723 Ceos
1282 3668 1447 3735 frequenter
1472 3671 1500 3723 in

374 3755 436 3810 aliis
455 3755 572 3809 urbibus
590 3755 664 3809 ludis
682 3755 854 3809 interfuisse.
890 3755 922 3809 ln
939 3755 1087 3808 Delicium
1105 3755 1148 3808 tit.
1167 3769 1194 3808 n
1214 3753 1331 3808 132ub1
1349 3755 1384 3808 de
1395 3753 1500 3823 Diony·

373 3840 422 3894 siis
441 3840 536 3908 agitur
552 3841 637 3895 homo
657 3841 771 3908 quidam
790 3841 862 3896 Oeus
889 3841 919 3895 iu
947 3841 1147 3895 comoedorum
1173 3853 1292 3894 numero
1319 3843 1501 3895 enumeratur

374 3926 433 3994 (261
452 3941 476 3980 a.
495 3925 557 3980 (ihr.
577 3926 623 3992 m).
659 3927 769 3982 Deinde
796 3941 846 3981 eos
874 3928 960 3981 etiam
986 3927 1161 3994 Delphorum
1190 3927 1354 3980 interfuisse
1381 3925 1500 3980 Soteriis

374 4013 508 4080 quattuor
524 4015 601 4068 tituli
619 4015 721 4068 docent
739 4013 775 4080 (n.
796 4015 966 4079 138-141);
985 4015 1152 4068 adferuntur
1169 4014 1210 4067 ibi
1228 4014 1284 4067 duo
1296 4013 1425 4066 homines
1443 4012 1499 4075 (lei,

373 4111 493 4166 quorum
511 4100 631 4168 uterque
661 4101 704 4154 bis
730 4101 902 4156 interritos
933 4101 1084 4155 choreutas
1116 4100 1315 4154 enumeratur:
1346 4093 1503 4154 Φειδακίδας

373 4178 453 4234 Φειδᾶ
471 4178 549 4242 Κεῖος
565 4185 600 4252 (n.
620 4185 670 4238 138
687 4199 713 4239 v.
733 4186 786 4250 26;
805 4201 832 4240 n.
852 4186 902 4240 141
921 4200 947 4239 v.
966 4185 1018 4252 41),
1037 4180 1237 4251 ’1....ιριτος
1254 4179 1407 4252 Μνησίππου
1424 4177 1503 4240 Κεῖος

372 4267 823 4338 mffluwnmuffi

474 4354 501 4421 3)
519 4355 735 4410 Atheniensium
771 4352 935 4424 Ἐπιδαύρια,
955 4370 1027 4424 quae
1045 4356 1090 4410 die
1109 4356 1143 4409 18
1160 4354 1266 4408 mensis
1285 4352 1499 4408 Bobdromionis

371 4441 537 4508 agebantur,
555 4441 603 4495 hie
619 4442 715 4496 minus
735 4443 800 4510 apte
820 4443 979 4510 comparari
996 4444 1124 4510 possunt.
