3336 5314
876 511 916 576 10

339 701 480 786 equidem
514 727 620 776 reram
643 729 710 780 essa
732 713 881 792 existimo,
906 714 960 780 sed
982 715 1053 781 nolo
1076 735 1128 782 eos
1152 717 1291 801 singulas
1314 718 1463 784 refutare.

341 805 411 872 latei
433 807 555 878 Boeclrh
578 813 670 882 nimis
692 813 822 882 fidenter
844 818 988 902 scripsit:
1012 818 1127 898 „Diese
1150 821 1207 902 (sc.
1230 820 1463 905 Broanrlstedii)

339 908 411 974 sehr
441 909 614 994 glucklicbe
637 917 820 1004 Auslegung
852 939 937 986 muas
968 939 1040 988 man
1074 921 1241 988 sosthelton
1263 922 1328 988 und
1351 923 1464 989 andere

341 1011 593 1102 Vermutlrungan
616 1021 872 1102 zurtolrweissn‚“
910 1023 1275 1106 equidem-nihilominus
1298 1026 1366 1109 ipse
1388 1027 1464 1108 quid

340 1118 472 1184 sentiam
494 1139 652 1206 exponam,
670 1125 823 1192 sententia
845 1127 950 1192 autam
972 1146 1043 1192 mec
1064 1146 1120 1212 per
1142 1146 1174 1194 sc
1189 1128 1322 1195 aliorum
1338 1130 1463 1195 senten-

338 1223 400 1288 tiae
422 1221 578 1292 refutabit.
624 1229 670 1294 Ac
691 1229 824 1294 maxime
847 1227 971 1314 qrridem
993 1231 1098 1311 miror,
1121 1227 1274 1316 quorriodo
1297 1233 1357 1297 riri
1379 1232 1464 1298 docti

338 1326 441 1394 locum
472 1325 561 1396 illum
596 1328 755 1398 Strabonis
790 1350 850 1398 non
873 1334 955 1398 recta
977 1333 1195 1401 intellexerint.
1240 1336 1357 1402 Locum
1380 1337 1464 1400 enim

338 1431 405 1498 sine
436 1429 578 1514 opinione
610 1433 821 1516 praeiudicata
852 1436 878 1500 si
900 1436 1119 1516 examinamus,
1143 1455 1268 1502 necesse
1291 1440 1340 1504 est
1362 1439 1426 1503 stat
1447 1473 1463 1486 -

338 1551 439 1612 amus,
462 1533 555 1600 rerba
577 1538 632 1602 aar
654 1536 687 1602 ir
702 1535 863 1622 Ποιοιέσοῃ
887 1536 913 1602 δ’
936 1537 1022 1602 ἐστὶν
1035 1537 1180 1625 Ἀθηνᾶς
1193 1538 1369 1616 Νεδουοίας
1384 1540 1463 1624 ἱερὸν

339 1635 464 1704 lectoris
489 1637 650 1704 cuiusdam
674 1657 741 1706 asse
763 1641 919 1724 glossema
931 1639 974 1720 ¹J:
1005 1660 1071 1708 rem
1101 1642 1204 1724 ipsam
1234 1643 1333 1709 lector
1354 1643 1461 1708 illein

340 1739 444 1810 iltrab.
466 1739 504 1818 X,
528 1739 590 1806 487
614 1742 732 1810 insanit
766 1745 857 1828 atque
894 1743 926 1810 in
956 1746 1096 1828 margine
1120 1745 1294 1828 adscripsit,
1318 1745 1462 1812 librarius

340 1844 446 1914 eutem
468 1842 594 1928 quidam
617 1845 710 1914 verba
731 1847 788 1914 illa
809 1847 841 1912 in
863 1847 984 1913 textum
1007 1849 1133 1932 recepit.
1168 1847 1288 1928 Quibus
1311 1850 1463 1914 concessis

341 1966 447 2014 omnes
469 1947 529 2014 loci
552 1948 752 2018 difficultates
775 1952 938 2018 tolluntur.
981 1950 1160 2038 Lagentium
1184 1953 1268 2016 enim
1290 1954 1356 2016 est:
1396 1954 1463 2038 ἔχει

339 2049 367 2116 δ’
390 2049 480 2138 ἱερόν,
506 2049 660 2140 ἐπίσημον
682 2053 826 2143 Ἀθηνᾶς
848 2053 1033 2136 neaeman,
1068 2053 1231 2139 ἐπώνυμον
1263 2053 1361 2118 τόπου
1385 2057 1464 2130 τινὸς

340 2154 492 2234 Νέδοντος
515 2157 588 2222 κτλ.
635 2159 750 2244 Agitur
787 2177 859 2244 ergo
899 2159 936 2224 de
972 2158 1049 2223 locis
1085 2157 1248 2224 Messeniis
1284 2157 1336 2221 vel
1367 2157 1464 2237 Laco·

339 2259 426 2340 uicis,
464 2279 563 2344 neque
599 2261 656 2328 hoc
693 2262 733 2328 acl
768 2263 849 2328 hano
886 2261 923 2326 rie
947 2257 1077 2325 Oeorum
1102 2260 1230 2326 Poiessa
1252 2261 1465 2342 quaestionem

340 2362 520 2446 plainam).
565 2363 771 2428 Enumeratur
801 2381 875 2428 sana
907 2360 1033 2444 quidem
1062 2363 1144 2428 inter
1176 2362 1268 2428 urbes
1300 2362 1464 2428 aTslacle

341 2467 481 2534 conditas
505 2463 643 2544 Poiessa,
668 2465 721 2532 sed
745 2464 778 2531 G.
795 2465 831 2532 Ο.
855 2465 991 2530 Mueller
1011 2464 1078 2530 iure
1100 2483 1212 2530 nomen
1234 2465 1315 2531 illuri
1338 2483 1465 2550 corrup-

340 2570 409 2636 tum
430 2588 497 2636 essa
521 2567 615 2634 dixit:
650 2567 802 2652 quomodo
837 2585 948 2634 nomeu
971 2566 1050 2632 illurl
1073 2566 1198 2632 restitui
1219 2568 1327 2648 possit
1351 2567 1463 2646 nescio,

340 2690 439 2756 neque
461 2674 520 2740 hoc
557 2672 720 2756 permagni
742 2675 790 2738 est
811 2670 972 2738 momenti.
1017 2669 1231 2754 corruptelam
1254 2670 1342 2735 illam
1365 2672 1465 2734 ortam

341 2796 407 2844 assa
439 2776 592 2856 existimo,
614 2777 779 2861 postquam
812 2776 967 2860 glossema
999 2774 1079 2840 illud
1110 2774 1143 2838 in
1165 2774 1285 2838 textum
1307 2773 1467 2855 receptum

342 2881 401 2950 ost.
423 2880 483 2948 Sed
505 2880 582 2946 haec
604 2879 667 2946 alia
689 2867 847 2964 quaestio:
871 2877 911 2945 ari
933 2877 1063 2944 Oeomm
1085 2877 1245 2943 Poiessam
1266 2879 1465 2942 revertamur.

342 2984 427 3068 Quae
450 2985 523 3050 urbs
546 3002 715 3066 numquam
737 2983 845 3066 magni
859 2981 1010 3048 momenti
1031 2981 1127 3046 fuisse
1142 2979 1282 3056 videtum
1306 2979 1465 3046 Strabonis

340 3087 533 3170 temporibus
556 3085 683 3152 Poiessa
706 3085 828 3152 deserta
849 3086 882 3150 et
903 3085 1001 3152 strate
1023 3087 1089 3150 erat
1110 3085 1218 3152 ruinis.
1240 3083 1382 3150 Medium
1404 3084 1466 3150 fere

343 3189 423 3256 inter
445 3189 605 3256 Poiessam
637 3189 669 3254 et
689 3187 798 3258 Julirla
828 3189 876 3254 est
912 3189 1135 3262 monasterium
1158 3187 1239 3271 Hag.
1261 3188 1411 3267 Marinae,
1433 3194 1466 3253 in

343 3293 431 3362 cuius
454 3311 525 3362 area
546 3293 611 3360 siut
642 3293 770 3378 antiqua
801 3293 895 3360 turris
918 3291 980 3360 fere
1003 3291 1134 3378 integra,
1159 3312 1251 3376 quam
1274 3291 1467 3359 Broendsterl

345 3401 389 3484 (p.
411 3395 454 3464 26
477 3397 537 3484 sq.)
560 3397 733 3464 accuratius
756 3395 928 3482 descripsit.

447 3639 472 3706 1)
490 3635 619 3690 Mainake
646 3636 738 3690 totum
769 3635 945 3688 enuntiatum
974 3631 1151 3686 astrabone
1178 3629 1368 3690 abiudicavit,
1396 3630 1467 3684 falso

345 3724 465 3792 quidam,
492 3735 558 3776 nam
575 3719 741 3788 intellegere
758 3733 815 3774 non
833 3732 957 3786 possum,
976 3730 1027 3770 cur
1044 3715 1133 3768 lector
1151 3713 1265 3780 qaudam
1281 3713 1371 3765 totam
1389 3713 1468 3764 illam

345 3809 550 3876 digressionem
576 3807 616 3860 ibl
636 3807 791 3868 addiderim
819 3817 911 3870 neque
940 3802 1026 3870 patet,
1053 3800 1127 3854 uude
1156 3797 1348 3865 exscripserit,
1376 3810 1468 3864 neque

345 3894 400 3950 loci
418 3894 495 3948 illius
513 3891 692 3948 difficultates
712 3889 858 3944 tolluntur.

396 4029 403 4044 ,
447 3977 475 4048 2)
494 3979 527 4032 oi.
547 3976 642 4044 Steplr.
661 3973 729 4044 Bya.
749 3989 771 4028 s.
789 3988 815 4028 v.
838 3968 935 4026 Νέδων.

805 4283 1009 4292 .-,-----
