3298 5304
861 469 924 532 144

327 673 455 756 pissime
476 672 559 738 bona
580 690 637 736 sua
658 671 776 753 templo
800 668 924 736 duidam
945 669 1121 736 vendidisse
1143 687 1180 734 ea
1212 667 1398 747 eondioione
1421 669 1458 734 nt

327 777 400 859 post
420 774 629 842 venditionem
650 773 732 838 bona
752 773 809 838 illa
823 773 993 840 retinerent
1005 774 1041 838 ut
1055 772 1274 856 emphyteutae
1286 770 1321 853 ¹).
1366 772 1453 837 Idem

328 879 366 946 de
387 877 446 944 hoo
467 877 561 942 titulo
584 875 744 942 oonteudo.
788 876 940 942 Homines
956 876 1015 954 illi,
1031 895 1163 958 quorum
1178 875 1306 942 nomina
1320 875 1455 958 1111111-

329 984 445 1065 1111111
466 983 546 1058 sunt.
569 980 696 1063 praedia
718 999 774 1046 sua
796 981 937 1064 Apollini
952 980 1158 1046 vendiderunt
1181 981 1274 1062 atque
1292 979 1454 1061 quotannis

327 1088 364 1150 ut
385 1084 603 1168 emphyteutae
625 1083 779 1150 dedimam
802 1082 859 1149 deo
881 1083 1051 1161 solvebant,
1076 1101 1155 1166 quae
1178 1082 1305 1165 quidem
1324 1078 1454 1146 adflen-

328 1186 413 1265 ξὲνια
434 1189 467 1252 11
487 1183 701 1271 Ἀοκληπίεια
733 1185 792 1250 rite
823 1184 1007 1250 celebranda
1035 1185 1284 1268 impendebatur.
1338 1181 1454 1264 Quibus

329 1288 482 1354 eonoessis
505 1307 610 1352 omnes
632 1287 786 1354 tolluntur
808 1286 1020 1352 difficultates.
1065 1285 1173 1369 Neque
1196 1285 1318 1352 decima
1332 1285 1455 1350 illaad-

328 1390 524 1456 mirationem
547 1389 687 1456 nostram
709 1407 830 1455 movere
853 1389 964 1471 potest,
988 1407 1059 1454 eum
1089 1388 1121 1454 in
1153 1387 1333 1453 huiusmodi
1356 1387 1455 1452 causis

328 1494 424 1560 fuerit
445 1489 697 1574 usitatissima²).
741 1491 841 1556 Primi
863 1491 949 1560 tituli
972 1511 1078 1558 uersus
1101 1490 1254 1574 quomodo
1277 1491 1340 1556 sint
1362 1490 1452 1556 resti-

329 1596 441 1662 tuendi.
459 1598 571 1675 neseio,
596 1615 693 1679 neque
716 1615 767 1662 eos
789 1615 939 1680 umquam
960 1599 1083 1664 restitui
1105 1616 1196 1679 posse
1218 1597 1370 1676 existimo,
1393 1597 1454 1662 nisi

330 1700 418 1766 novis
440 1699 575 1765 inventis
597 1700 795 1784 fragmentis.
838 1701 1006 1766 Halbherri
1021 1701 1237 1783 supplementa
1252 1701 1382 1783 probare
1395 1718 1453 1766 non

328 1821 474 1885 possum:
492 1802 578 1868 verbi
594 1821 688 1868 eausa
702 1821 757 1868 eur
772 1804 949 1885 quaestores
964 1803 1010 1868 ibi
1026 1804 1215 1885 scripserunt
1226 1803 1290 1868 οἵδε
1306 1802 1456 1868 ἀπέδοντο

331 1907 372 1968 τά
387 1903 489 1990 χωρίον
505 1904 728 1982 operatorque
749 1905 837 1971 aad?
858 1906 1026 1974 Halbherri
1048 1906 1236 1972 sententiam
1252 1906 1279 1970 si
1293 1907 1457 1988 sequimur.

331 2009 509 2090 quaestores
531 2010 683 2076 decimam
705 2010 959 2092 perseripserunt,
983 2029 1056 2094 ergo
1081 2009 1279 2074 scribendum
1309 2009 1454 2074 11111111

331 2109 499 2193 ἀποδόντες
521 2114 562 2176 τὰ
584 2110 685 2196 χωρία
707 2110 876 2176 ἀπέτεισαν
898 2110 972 2175 κτλ.
1020 2111 1081 2178 Sed
1102 2113 1166 2176 ianr
1181 2129 1358 2194 pergamus.
1396 2109 1455 2178 Su·

328 2232 385 2295 pra
407 2213 471 2280 diri
491 2217 596 2297 partes
618 2216 752 2298 primam
773 2217 805 2280 11
827 2215 994 2282 seeundum
1016 2216 1124 2282 eodem
1154 2216 1294 2299 tempore
1317 2233 1386 2282 esso
1407 2215 1454 2278 in·

329 2316 478 2398 sculptas.
522 2315 612 2396 Quod
632 2337 694 2382 non
717 2318 818 2384 solum
840 2337 877 2382 ex
898 2336 933 2383 eo
956 2320 1095 2402 apparet,
1119 2318 1201 2400 quod
1232 2317 1341 2384 eadem
1364 2335 1457 2382 manu

331 2419 405 2484 sunt
425 2418 591 2500 insculpta,
614 2421 668 2484 sed
691 2419 803 2486 dooent
822 2421 881 2485 hoo
903 2420 999 2486 etiam
1030 2441 1059 2486 v.
1093 2419 1229 2498 rea-22,
1263 2420 1318 2485 ubi
1339 2421 1458 2502 septem

330 2537 481 2586 annorum
504 2520 667 2586 archontas
698 2521 778 2587 alius
809 2522 906 2588 alium
940 2524 1085 2606 deinceps
1116 2521 1283 2604 excipiunt.
1340 2522 1457 2586 Mirum

330 2623 435 2688 autern
457 2621 489 2686 in
512 2621 637 2686 modum
660 2623 742 2690 viros
765 2623 871 2690 dootos
893 2625 985 2706 fugit,
1016 2625 1117 2707 prima
1147 2643 1218 2708 pars
1241 2624 1394 2707 quomodo
1417 2624 1458 2690 sit

330 2725 480 2792 eonfeeta.
523 2725 680 2792 Latereuli
713 2727 762 2791 Bb
784 2745 813 2792 ν.
840 2727 920 2792 1-7
944 2727 1125 2811 diligentius
1147 2729 1201 2810 qui
1219 2727 1309 2812 legit,
1333 2745 1458 2793 neeesse

330 2834 378 2894 est
400 2827 636 2906 animadvertat,
659 2829 785 2894 nomina
813 2830 871 2894 illa
901 2830 1022 2896 servato
1053 2829 1230 2895 litterarum
1262 2830 1368 2896 ordine
1391 2848 1458 2896 esse

329 2929 549 3015 perscriptae.
594 2929 679 3009 Quae
703 2932 857 2997 sententia
877 2950 947 2996 mea
970 2951 1006 2998 eo
1029 2932 1256 3013 comprobatur,
1272 2931 1354 3014 quod
1368 2932 1458 2998 initio

328 3034 417 3099 tituli
437 3035 484 3100 Ba
504 3054 535 3101 ν.
556 3037 577 3097 4
600 3054 646 3117 sq.
670 3036 774 3101 omnia
804 3037 940 3114 nomina,
973 3055 1053 3118 quae
1085 3036 1210 3118 quidem
1230 3029 1305 3104 ‘sint
1326 3037 1457 3114 servata,

328 3137 483 3220 incipiunt
504 3157 523 3202 a
543 3138 650 3204 littera
671 3137 714 3202 A.
762 3137 848 3218 Quae
872 3157 942 3204 eum
957 3139 1003 3204 ita
1018 3140 1090 3217 sint,
1106 3140 1170 3205 iam
1185 3139 1281 3222 patet,
1304 3139 1458 3221 quomodo

329 3241 438 3308 tabula
458 3240 516 3306 illa
537 3241 579 3306 sit
602 3240 749 3307 eonfeeta.
795 3241 962 3308 Continent
984 3248 1088 3325 partes
1110 3243 1212 3325 prima
1233 3243 1265 3308 et
1286 3241 1387 3307 altera
1408 3259 1458 3306 ra-

329 3345 429 3410 tiones
450 3343 500 3408 uel
523 3345 641 3426 septem
664 3345 715 3409 vel
736 3345 808 3427 plus
821 3345 1025 3426 annorum‘),
1058 3363 1136 3426 qnae
1168 3343 1277 3410 eodem
1308 3362 1389 3409 anno
1412 3343 1459 3408 la·

328 3448 396 3528 pidi
418 3448 490 3513 sunt
511 3448 637 3526 inuisae,
659 3449 839 3531 etquidem
861 3467 932 3531 pars
955 3449 1056 3530 prima
1071 3449 1191 3513 seruato
1206 3447 1386 3512 litterarum
1408 3465 1457 3513 or-

330 3550 768 3631 dine‚parsa1teraservato
799 3551 982 3616 archontum
1013 3550 1130 3616 ordine.
1174 3549 1211 3614 In
1245 3549 1305 3614 fine
1336 3552 1456 3630 primae

330 3654 428 3736 partis
451 3654 513 3738 (Bb
534 3673 564 3719 ν.
587 3653 621 3738 8)
644 3654 802 3720 redituum
825 3674 947 3722 summa
969 3654 1140 3737 perseripta
1162 3656 1220 3720 est.
1263 3653 1350 3720 Inter
1371 3670 1456 3718 snm·

329 3755 526 3822 mamillam
548 3759 641 3838 atque
664 3757 831 3822 seeundum
862 3758 985 3840 partem
1017 3756 1077 3822 duo
1110 3758 1232 3823 exstant
1261 3774 1379 3834 versus,
1404 3755 1457 3836 qui

434 3959 461 4030 1)
480 3961 513 4016 of.
532 3962 649 4016 Boeolrh
667 3961 704 4016 ad
722 3959 750 4014 O.
768 3959 794 4014 d.
814 3959 847 4014 G.
865 3957 890 4012 11
907 3959 1021 4022 26931;
1052 3955 1361 4020 Hermann-Thalheim,
1379 3971 1405 4024 p.
1423 3957 1458 4010 82

330 4048 389 4102 not.
408 4048 433 4101 3.
468 4047 584 4102 Boeokh
602 4048 708 4115 optime
727 4061 850 4104 eausam.
879 4059 930 4098 eur
948 4045 1004 4098 hoo
1021 4044 1127 4098 taetram
1145 4043 1191 4107 sit,
1215 4042 1380 4109 explicavit.
1416 4041 1456 4096 01.

332 4133 419 4188 etiam
436 4133 561 4196 Boeekh,
580 4133 702 4187 Staatsh.
721 4132 744 4185 1⁸
762 4147 788 4199 p.
807 4132 867 4184 399.

433 4215 461 4285 2)
480 4218 514 4272 et
531 4217 657 4281 Boeolrtr,
675 4217 807 4281 Staatsh„
826 4217 843 4270 l.
862 4216 880 4270 1.

433 4304 460 4373 3)
478 4301 687 4371 ν.1112;Σ,
705 4305 785 4358 ν.3;
809 4299 880 4369 Τ,ν.
897 4297 1033 4356 4-7εΦ.

432 4387 460 4458 4)
478 4389 635 4446 1111111111
653 4390 695 4444 illi
706 4403 775 4446 num
787 4389 885 4444 statim
900 4387 973 4442 adius
988 4387 1076 4442 alium
1087 4385 1254 4458 exeeperiut
1266 4399 1324 4442 non
1338 4385 1455 4442 eonstat.
