3322 5302
845 508 887 570 54

302 707 386 772 ultra
410 725 438 772 a.
462 705 505 769 48
526 707 635 772 valuit.
680 708 771 773 Auno
793 707 849 772 illo
872 708 955 773 enim
977 726 1082 790 pugna
1103 708 1267 773 Pharsalia
1295 710 1438 775 auetori-

304 809 404 874 tatem
428 811 494 876 eius
518 809 645 874 sustulit
668 808 914 894 Graecorumque
937 809 1078 875 ciuitates
1101 811 1327 893 triumphantes
1350 811 1434 877 an-
1489 861 1493 868 .

306 929 407 977 sarem
429 913 577 978 viatorem
597 916 793 996 exceperunt.
838 913 916 978 Sane
938 913 1006 978 fieri
1028 932 1087 978 nou
1109 915 1240 996 poterat,
1263 915 1337 996 quin
1361 933 1433 980 um·

304 1016 392 1081 nium
423 1035 544 1098 semper
576 1018 728 1082 viatorum
761 1015 891 1082 studiosi
922 1017 1042 1081 essent:
1078 1016 1132 1081 sed
1160 1017 1330 1098 *Pompeius
1361 1017 1437 1100 ipse

306 1117 495 1184 Graecorum
517 1119 660 1202 gratiam.
674 1118 859 1202 perdiderat.
902 1118 986 1184 Nam
1008 1119 1160 1201 quomodo
1189 1119 1438 1200 aPompeiauis-

305 1224 400 1288 etiam
422 1224 563 1307 regiones
586 1242 605 1287 a
626 1223 711 1300 loeis,
744 1223 855 1305 quibus
886 1223 1004 1288 bollum
1034 1225 1157 1306 gestum
1183 1224 1258 1300 erat,
1289 1223 1429 1288 remotae

304 1325 447 1391 omnihus
469 1325 570 1390 medis
593 1325 758 1392 exhaustae
780 1326 874 1408 atque
896 1326 1021 1391 vexatae
1045 1325 1117 1403 siut,
1149 1325 1295 1408 colligere
1317 1333 1438 1406 possa*

305 1448 373 1494 mus
397 1430 448 1495 vel
470 1448 505 1494 ex
528 1430 577 1510 iis,
600 1448 678 1512 quae
701 1427 851 1512 Caesar¹)
883 1430 1036 1494 enarravit
1059 1429 1150 1510 atque
1173 1428 1322 1511 exposuit.
1355 1429 1431 1510 „qui

303 1531 414 1598 herum
437 1533 511 1614 quid
534 1533 731 1598 acerbissime
755 1532 1029 1615 crudelissimeque
1051 1532 1198 1609 iecerat“,
1232 1531 1333 1613 inquit
1361 1531 1384 1595 l.
1408 1531 1435 1594 l..

306 1636 354 1714 „is
388 1637 420 1700 et
452 1635 499 1699 vir
531 1635 562 1700 et
594 1636 671 1700 eivis
704 1635 839 1718 optimus
873 1635 1076 1701 habebatur.“
1118 1633 1337 1698 Mirandumne
1372 1633 1437 1712 est?

306 1737 440 1803 sraeoos
473 1738 677 1804 libentissime
710 1737 873 1804 Caesarem
904 1738 1083 1820 exeepisse?
1127 1737 1232 1802 Etiam
1265 1735 1318 1801 Cei
1353 1737 1439 1801 satis

304 1841 422 1908 multas
436 1842 469 1905 in
484 1842 550 1906 eius
573 1842 719 1907 honorem
741 1842 858 1924 positas
869 1859 936 1906 esse
952 1842 1072 1906 statuas
1086 1839 1220 1922 probant
1235 1839 1313 1904 duae
1328 1839 1437 1916 bases*

306 1963 384 2027 quae
406 1945 446 2010 ad
468 1946 605 2009 nostram
628 1946 762 2010 aetatem
776 1947 914 2010 servatae
929 1945 1012 2010 sunt.
1056 1944 1092 2007 In
1114 1943 1216 2024 priore
1233 1942 1301 2007 basi
1317 1939 1436 2024 (nfldp

306 2047 418 2113 Caesar
441 2048 616 2130 appellatur
637 2048 775 2131 pontifex
806 2047 958 2112 maximus
991 2048 1023 2112 et
1056 2046 1223 2128 imperator
1254 2043 1436 2128 (ἀρχιερεύς

304 2152 337 2216 et
358 2150 574 2236 αὐτοκράτωρ)
599 2152 686 2234 eique
709 2151 889 2217 tribuuntur
910 2150 1035 2214 nomina
1057 2146 1225 2233 εὐεργέτης
1255 2148 1287 2211 et
1323 2148 1440 2230 σωτὴρ

305 2262 363 2338 τῆς
384 2253 517 2330 πόλεως.
564 2255 705 2321 Titulum
727 2255 819 2319 illum
842 2253 966 2320 Boeolxh
987 2254 1054 2317 iure
1075 2254 1147 2334 post
1172 2269 1309 2334 pugnam
1329 2249 1438 2314 Phar-1

305 2358 417 2423 saliam
439 2359 492 2424 aut
507 2359 729 2424 Alexandriam
752 2359 875 2442 captam
897 2358 1030 2422 inuisum
1053 2375 1119 2421 esse
1143 2355 1231 2420 dixit.
1275 2355 1310 2418 lu
1327 2354 1430 2420 altera·

304 2461 373 2525 basi
397 2462 441 2542 (n.
464 2459 520 2544 26]
552 2479 623 2525 eum
650 2460 740 2527 divus
762 2461 937 2544 appellatus
962 2461 1012 2538 sit,
1047 2459 1158 2524 titulus
1192 2458 1262 2540 pest
1295 2459 1431 2522 mortem

247 2583 250 2590 ’
306 2563 371 2628 eius
406 2566 547 2628 exaratus
580 2582 647 2628 esse
669 2564 772 2646 patet:
807 2566 944 2629 osterum
975 2563 1008 2626 in
1041 2563 1134 2627 titulo
1169 2563 1224 2628 illo
1255 2563 1441 2646 appellatur·

305 2667 381 2744 osor
404 2669 460 2731 καὶ
481 2668 685 2753 αὐτοκράτωρ
720 2670 775 2732 καὶ
788 2657 792 2663 ’
807 2670 912 2753 σωτὴρ
935 2677 993 2752 τῆς
1014 2665 1211 2753 οἰκουμένης,
1247 2687 1284 2732 ex
1317 2667 1434 2749 quibus

304 2771 417 2836 ultima
438 2771 533 2836 verba
554 2763 691 2836 notanda
713 2772 795 2850 sunt,
828 2789 899 2835 oum
934 2789 1027 2852 supra
1058 2769 1243 2850 simpliciter
1265 2769 1367 2835 dietus
1389 2770 1436 2834 sit

305 2874 411 2960 wite
434 2882 492 2958 apg
513 2872 646 2950 πόλεως·

407 2975 499 3040 Anno
521 2975 564 3038 42
579 2976 734 3041 Antonius
749 2993 820 3040 eum
835 2975 967 3040 Athenis
990 2974 1241 3053 commoraretur,
1258 2973 1439 3038 Athenien·

306 3077 392 3143 sibus
425 3079 549 3158 praeter
581 3077 642 3143 alia
676 3077 755 3142 dona
787 3079 883 3143 otiam
912 3077 1047 3143 insulam
1070 3078 1167 3142 Coum
1199 3075 1437 3160 condonavit²).

306 3180 467 3272 Augustus
501 3179 560 3245 etsi
593 3200 621 3245 a.
654 3178 695 3243 21
731 3180 894 3246 nonnullos
925 3181 1008 3246 looos
1031 3179 1273 3244 Atheniensibus
1302 3179 1431 3257 ademit,

306 3282 508 3348 nihilominus
530 3283 653 3365 praeter
674 3283 750 3348 alias
772 3283 890 3349 insulas
913 3284 1009 3349 etiam
1023 3282 1116 3348 Coum
1140 3285 1172 3347 in
1189 3301 1294 3348 eorum
1310 3283 1438 3347 dioieue

306 3404 432 3450 manere
454 3404 563 3466 passus
586 3386 650 3450 est:
683 3385 741 3451 hoo
772 3387 855 3450 enim
886 3386 953 3451 iure
984 3385 1256 3469 eollegitBeeolxh
1280 3405 1316 3450 ex
1337 3385 1437 3450 titulo

305 3488 412 3584 n.,61‚
433 3487 471 3552 de
494 3506 554 3570 quo
576 3506 647 3553 mex
668 3488 750 3554 inira
770 3487 954 3554 videbimus.

410 3591 571 3656 Permulta
592 3592 650 3658 illa
672 3592 764 3670 bella,
789 3611 919 3674 quorum
941 3592 1090 3658 nonnulla
1112 3611 1205 3675 supra
1232 3591 1334 3670 attuli,
1366 3591 1437 3674 pri-

306 3711 393 3758 mum
425 3693 654 3773 diadochorum,
689 3693 800 3760 deinde
822 3695 1031 3760 Romanorum
1061 3695 1146 3760 bella
1178 3713 1255 3777 quae
1287 3686 1434 3759 dicuutur

306 3795 420 3872 civilia,
445 3797 628 3863 Aetolorum
660 3795 913 3881 Cretensiumque
944 3798 1109 3878 latrocinia
1141 3800 1173 3863 at
1204 3797 1432 3881 praedationes,

306 3899 334 3966 si
365 3900 555 3983 reputemus,
588 3900 696 3964 mhari
727 3919 788 3966 nou
821 3919 986 3982 possumus
1017 3901 1151 3967 Graecas
1184 3902 1325 3967 civitates
1359 3901 1437 3982 post

306 4003 411 4068 tantas
434 4002 627 4068 calamitates
649 4004 753 4068 vastas
785 4021 821 4069 ao
851 4003 914 4068 iere
937 4004 1074 4070 desertas
1096 4005 1201 4069 fuisse.
1247 4004 1293 4070 De
1315 4001 1434 4068 Thebis

308 4104 433 4188 quidam
456 4104 567 4171 Strabo
590 4105 637 4169 IX
659 4104 723 4168 403
745 4106 821 4172 haee
843 4109 966 4172 narrat:
999 4105 1032 4186 ἐξ
1055 4106 1176 4172 ἐκείνου
1199 4106 1225 4169 δ’
1247 4106 1310 4192 ἤδη
1333 4104 1438 4190 πράτ-

410 4347 435 4415 1)
454 4346 532 4400 Caes.
552 4347 615 4401 bell.
635 4347 688 4400 eiv.
707 4346 793 4400 11131
812 4358 854 4412 sq.

409 4434 435 4496 2)
454 4433 570 4500 Appiau.
589 4433 614 4486 b.
635 4447 658 4487 e.
676 4433 702 4486 V
720 4434 744 4486 l.
