3322 5302
848 489 891 555 52

305 694 418 774 „Ciam
441 694 480 760 ab
502 695 634 780 Aegina,
656 695 727 760 inde
748 714 804 778 per
822 695 941 761 insulas
959 693 1106 760 Rhodum
1121 693 1307 778 navigarunt
1328 693 1436 760 omni-

304 799 364 864 hus
386 801 507 882 praeter
529 799 670 864 Andrum
692 799 868 882 Parumque
899 801 931 865 et
962 799 1125 884 Cythnum,
1158 817 1236 880 quae
1266 797 1434 881 praesidiis

267 903 271 909 '
305 901 510 968 Macedonum
531 902 724 980 tenebantur,
747 901 780 966 in
812 902 993 967 societatem
1015 899 1218 984 acceptis¹).“
1278 899 1332 966 Cei
1354 919 1433 984 ergo

304 1004 508 1071 Macedonum
530 1001 750 1086 dominatione,
773 1023 851 1087 quae
868 1021 1037 1086 perpaucos
1052 1021 1147 1070 annos
1163 1003 1336 1082 duraverat,
1357 1024 1432 1069 rur·

305 1127 357 1174 eus
379 1108 503 1174 liberati
525 1110 608 1174 sunt.
651 1107 791 1188 Reliquis
813 1106 890 1172 belli
921 1107 1042 1172 casibus
1074 1107 1153 1171 nihil
1183 1107 1241 1172 hoc
1272 1107 1340 1172 loco
1362 1108 1431 1173 uti-

303 1229 382 1276 mur.
426 1211 499 1278 Jam
520 1228 592 1276 vero
614 1208 654 1274 ad
676 1208 808 1274 Oeorum
830 1208 953 1274 decreta
974 1228 1052 1292 quae
1074 1227 1168 1291 supra
1198 1208 1270 1287 dixi,
1290 1211 1431 1275 reverta-

302 1333 383 1379 mur.
426 1311 510 1377 Belli
530 1311 721 1394 temporibus
742 1310 799 1375 illa
813 1310 896 1376 lacta
910 1329 978 1376 esse
993 1329 1052 1376 non
1069 1313 1209 1394 possunt.
1253 1310 1314 1377 Sed
1330 1311 1428 1377 etiam

302 1418 373 1500 post
394 1415 512 1481 bellum
534 1414 614 1478 illud
636 1414 842 1495 compositum
865 1415 986 1497 praeter
1008 1414 1086 1480 alias
1102 1432 1211 1478 causas
1233 1433 1309 1498 quas
1332 1435 1431 1498 supra

301 1520 395 1586 attuli
417 1519 541 1586 decreta
561 1519 617 1584 illa
639 1520 705 1584 lata
725 1537 793 1584 esse
816 1519 924 1584 stricte
946 1519 1133 1602 negaverim,
1167 1519 1240 1600 quia
1261 1537 1332 1583 mea
1354 1518 1429 1602 qui·

301 1621 372 1688 dem
394 1623 549 1688 sententia
571 1641 674 1687 rerum
696 1622 796 1688 status
818 1623 910 1707 longe
932 1623 1012 1688 alius
1034 1624 1110 1702 erat,
1131 1623 1224 1704 atque
1235 1622 1289 1704 qui
1311 1640 1347 1687 cx
1369 1621 1430 1687 de-

301 1725 394 1790 cretis
414 1725 478 1790 illis
499 1724 705 1810 cognoscitur.

404 1827 489 1892 Inter
510 1828 619 1893 titulos
642 1827 680 1894 ab
702 1827 875 1894 Halbherro
897 1827 1003 1894 Julide
1027 1828 1164 1910 repertos
1195 1827 1298 1892 exstat
1328 1827 1426 1892 etiam

299 1929 412 1995 titulus
435 1931 619 2012 permutilus
642 1951 673 1996 n.
688 1930 741 2010 50,
764 1949 856 2013 quem
873 1931 1019 1996 Manthos
1034 1931 1160 2014 quidem
1183 1949 1211 1995 a.
1231 1929 1314 1994 1864
1329 1929 1429 2012 paulo

298 2033 467 2115 pleniorem
498 2034 589 2113 uidit,
623 2033 678 2098 sed
709 2033 796 2098 tituli
829 2035 1048 2117 argumentum
1080 2052 1118 2098 ne
1150 2052 1186 2098 ex
1216 2033 1274 2098 hoc
1297 2031 1421 2114 quidem

299 2137 474 2220 apographo
496 2137 620 2203 restitui
642 2136 754 2220 potest,
786 2154 856 2201 cum
887 2154 947 2200 non
980 2136 1094 2218 pateat
1129 2135 1204 2218 quid
1234 2135 1294 2201 sibi
1324 2134 1427 2200 velint

157 2285 160 2292 ·
297 2239 392 2305 verba
422 2239 566 2324 (δ)ωρεὰς
597 2239 727 2304 ἔδωκεν.
787 2239 822 2302 ln
854 2239 947 2305 titulo
980 2241 1022 2320 (v.
1046 2239 1067 2301 3
1090 2242 1122 2305 et
1143 2241 1176 2322 4)
1209 2239 1258 2304 his
1289 2239 1429 2304 occurrit

297 2331 409 2408 nomen
433 2342 543 2420 Attali,
567 2341 649 2424 quod
671 2341 826 2406 Halbherr
846 2342 929 2407 recte
952 2343 997 2408 sic
1019 2341 1194 2424 supplevit:
1234 2341 1424 2430 [Βασιλεὺς]

296 2441 458 2519 Ἄτταλος
476 2445 481 2526 Ι
502 2441 690 2530 [Βασιλέως]
713 2441 913 2532 Ἀττάλο[υ],
945 2445 1037 2526 atque
1059 2444 1204 2509 Attalum
1227 2445 1258 2508 II
1279 2445 1383 2510 Attali
1405 2445 1421 2508 l

295 2543 396 2610 filium
418 2545 582 2624 intellexit,
605 2546 658 2628 qui
680 2548 750 2628 post
772 2547 942 2613 Eumenem
973 2546 1101 2612 fratrem
1130 2546 1202 2612 inde
1234 2547 1273 2612 eb
1306 2566 1333 2612 a.
1359 2546 1425 2610 159

245 2639 248 2645 ’
295 2665 393 2729 usque
416 2647 456 2712 ad
478 2667 506 2714 a.
532 2647 594 2714 138
615 2649 765 2732 regnavit.
810 2650 858 2714 De
880 2649 1021 2716 AttaloI
1041 2649 1092 2713 hic
1108 2650 1240 2732 cogitari
1254 2668 1312 2714 non
1330 2667 1425 2731 posse

294 2749 451 2816 Halhherr
472 2753 555 2816 recte
578 2750 699 2816 monuit
721 2751 757 2834 (l.
779 2751 801 2816 l.
823 2752 888 2816 not.
911 2751 956 2834 h).
1000 2752 1045 2815 111
1075 2749 1168 2816 titulo
1195 2752 1250 2818 illo
1273 2752 1424 2836 colligere

293 2870 469 2936 possumus,
491 2853 752 2935 Pergamenorum
773 2854 990 2919 auctoritatem
1014 2853 1069 2918 (lei
1091 2855 1185 2920 etiam
1208 2855 1279 2937 post
1301 2854 1420 2920 bellum

292 2955 374 3020 illud
394 2955 564 3037 plurimum
585 2956 730 3022 valuisse.
775 2955 837 3021 Sed
871 2955 1086 3022 deficientibus
1117 2956 1309 3022 documentis
1342 2957 1421 3022 certi

293 3057 458 3140 quicquum
482 3058 521 3124 de
543 3058 656 3124 haere
679 3060 706 3124 si
728 3060 796 3142 quis
834 3077 938 3124 eruere
969 3060 1055 3139 velit,
1089 3059 1237 3124 stolidum
1270 3079 1343 3126 sene
1375 3060 1424 3126 sit

291 3160 460 3242 inceptum.

395 3259 580 3347 Priusquam
603 3265 708 3330 autem
730 3264 770 3329 ad
792 3265 974 3344 Romanam,
1006 3265 1042 3329 ut
1072 3265 1117 3330 ite
1138 3264 1249 3344 dicam,
1282 3267 1420 3332 aetatem

294 3364 485 3445 accedemus,
508 3366 614 3450 paucis
643 3368 815 3432 monuerim
845 3368 885 3434 ud
908 3368 1063 3433 1110111
1086 3387 1109 3432 s.
1145 3371 1303 3450 praeterea
1333 3369 1420 3436 reie-

292 3468 402 3534 reudos
425 3487 492 3534 esee
515 3469 676 3535 nonnullos
699 3471 818 3548 titulos,
835 3488 911 3553 quos
934 3489 1028 3552 supra
1050 3473 1254 3554 praetermisi,
1271 3475 1344 3556 quia
1366 3475 1418 3538 ni-

291 3569 337 3634 hil
353 3569 456 3634 adres
472 3589 491 3634 a
507 3568 577 3635 (leis
600 3571 703 3652 gestas
720 3573 886 3653 pertinent.
910 3572 1008 3637 Tituli
1031 3573 1080 3638 illi
1103 3575 1268 3640 maximam
1293 3577 1418 3658 partem

292 3672 365 3735 sunt
387 3672 548 3753 proxeniae
571 3672 729 3756 decreta²l
752 3674 787 3737 ut
809 3693 840 3738 n.
857 3673 907 3753 17,
931 3695 961 3740 n.
985 3675 1025 3738 71
1049 3677 1142 3759 atque
1159 3677 1214 3742 alii
1229 3678 1417 3760 complures,

290 3792 419 3855 quorum
443 3776 529 3839 aetas
553 3776 634 3839 corte
658 3774 777 3840 definiri
799 3794 859 3840 non
882 3777 994 3858 potest.
1040 3778 1100 3844 Sed
1117 3780 1239 3844 exstant
1253 3781 1419 3862 praeterea.

289 3875 429 3942 nonnulli
451 3875 548 3954 tituli,
571 3876 683 3958 quihus
706 3875 775 3942 Geis
798 3879 943 3959 proxenia
964 3899 983 3946 a
1005 3879 1131 3946 civitate
1163 3881 1296 3964 quodam
1324 3902 1417 3966 pere·

287 3979 378 4063 grino
400 3979 555 4045 confertur
576 3981 662 4046 uelut
684 3980 731 4045 Ill
752 3999 815 4047 sa
840 3982 938 4048 Deliis
962 3985 1005 4066 (n.
1031 3984 1103 4050 133.
1129 3983 1213 4067 131),
1238 4004 1256 4051 0
1279 3985 1417 4068 Delphis

287 4087 332 4164 (n.
358 4081 429 4147 136.
462 4081 547 4166 137),
572 4083 611 4149 ah
646 4083 890 4150 Atheniensibus
925 4086 968 4171 (n.
994 4085 1078 4170 130).
1132 4087 1295 4154 Praeterea
1327 4088 1416 4153 haud

391 4323 416 4386 1)
436 4324 496 4378 Liv.
515 4323 609 4378 XXXI
629 4327 670 4390 15,
688 4327 723 4391 8;
743 4327 841 4396 Polyh.
861 4327 926 4382 XVI
944 4329 986 4393 26,
1006 4330 1047 4383 10.

387 4409 414 4476 2)
433 4409 467 4464 oi.
485 4410 559 4464 infra
576 4410 642 4479 Cap.
660 4412 697 4466 111
714 4413 730 4478 ἓ
747 4413 772 4467 2.
