3336 5314
842 473 886 538 36

762 561 967 573 -ι-

302 678 408 743 σθαι
432 676 616 764 [Κείου]ς
647 678 760 740 κατὰ
790 675 941 754 πόλεις
963 679 1048 741 κατὰ
1070 679 1141 754 τοὺς
1163 677 1274 761 ὅρκους
1295 680 1435 756 καὶτὰς

302 781 467 867 συνθήκας
488 783 547 848 etc.
600 781 646 846 Ex
676 781 778 846 verbis
808 781 873 846 illis
902 799 962 846 non
993 781 1094 847 solum
1126 780 1260 847 dilucide
1294 783 1430 849 efficitur

302 884 440 969 singulas
462 883 554 949 urbes
578 883 627 948 sni
647 883 724 949 iuris
746 881 852 962 inisse,
877 883 929 948 sed
952 882 1061 948 eadem
1083 883 1177 948 verba
1190 883 1355 949 manilesto
1371 884 1433 950 do·

302 988 382 1067 cent,
404 993 600 1052 cumrerum
623 986 741 1051 statum
772 1005 833 1052 non
865 1005 986 1070 semper
1017 987 1133 1052 iuuisse:
1166 1005 1240 1071 ergo
1273 989 1428 1071 optimum

301 1091 373 1156 sunt
395 1089 614 1156 documentum
637 1090 807 1155 sententiae
828 1108 916 1156 meae
939 1089 976 1154 de
998 1091 1099 1172 priore
1120 1091 1310 1174 sympolitia.
1353 1093 1432 1158 dam

299 1211 372 1260 vero
395 1194 492 1260 orituxr
514 1193 665 1276 quaestio,
687 1191 809 1274 quando
832 1193 1011 1277 sympolitia
1032 1193 1089 1257 illa
1111 1193 1213 1258 soluta
1235 1194 1286 1258 sit.
1330 1194 1433 1277 Equi·

301 1296 372 1362 dem
395 1315 486 1380 supra
509 1295 580 1375 dixi,
604 1295 682 1360 mihi
703 1295 976 1378 persuasissimum
999 1314 1075 1373 esse,
1098 1296 1131 1360 id
1157 1297 1263 1361 statim
1285 1304 1358 1378 post
1376 1315 1433 1365 re-

300 1401 385 1484 giam
407 1419 515 1484 pacem
538 1399 685 1465 euenisse.
730 1398 775 1463 At
796 1417 867 1464 vero
889 1398 961 1464 huic
984 1399 1156 1464 sententiae
1174 1400 1312 1465 Marmor
1326 1399 1432 1466 Sand-

299 1504 429 1570 wioense
452 1500 573 1568 obstare
596 1503 729 1567 videtur.
774 1500 918 1567 Continet
940 1502 1023 1566 enim
1053 1502 1162 1567 tabula
1190 1502 1247 1567 illa
1266 1503 1429 1584 praeclara

301 1608 344 1689 (n.
369 1605 454 1688 125),
479 1605 516 1671 de
538 1624 600 1688 qua
620 1605 701 1670 inira
731 1605 856 1671 uberius
887 1605 947 1670 en‘t
979 1604 1143 1671 dicendum
1155 1604 1192 1686 ι1,
1228 1606 1328 1688 primo
1358 1606 1434 1671 loco

299 1727 409 1774 usuras
439 1708 650 1791 pecuniarum,
683 1727 761 1790 quae
793 1708 921 1774 diversis
961 1709 1140 1775 civitatibus
1174 1710 1301 1774 mutuae
1334 1709 1431 1774 datae

301 1811 397 1876 erant.
441 1809 483 1874 m
504 1809 536 1876 in
558 1809 659 1875 fronte
681 1809 713 1874 et
734 1809 767 1874 in
798 1828 904 1875 auersa
936 1811 1063 1876 tabulae
1094 1811 1181 1874 illius
1216 1813 1303 1894 parte
1325 1811 1433 1876 nomi·
1463 1888 1474 1896 ,

299 1914 414 1978 uantur
435 1913 571 1977 universi
593 1910 647 1978 Cei
669 1911 798 1996 (Κεῖοι),
821 1931 881 1978 non
904 1913 1044 1996 singulae
1075 1913 1187 1979 urbes:
1220 1913 1273 1978 sed
1304 1914 1426 1978 etiamsi

300 2015 409 2082 tabula
430 2015 512 2080 intra
535 2033 630 2080 annos
652 2012 693 2078 37
697 2014 716 2078 7
740 2016 771 2079 et
792 2013 855 2078 373
878 2015 1050 2097 composita
1065 2016 1121 2094 est,
1137 2015 1339 2080 nibilominus
1356 2033 1432 2080 sen-

301 2118 432 2187 tentiam
456 2117 595 2181 nostram
616 2115 756 2180 refellere
778 2135 838 2181 non
861 2116 975 2197 potest,
997 2135 1069 2180 nam
1091 2118 1245 2200 pecuniae
1266 2117 1341 2182 illae
1363 2117 1431 2182 iam

299 2221 419 2306 pridem
441 2220 568 2286 mutuae
592 2217 733 2301 sumptae
755 2218 850 2284 fuisse
872 2220 1013 2300 possunt.

403 2322 567 2389 societatis
589 2321 733 2386 instituta
756 2339 826 2385 cum
849 2322 913 2386 sint
934 2323 1097 2388 notissima
1119 2341 1179 2388 non
1201 2324 1250 2387 est
1272 2323 1354 2405 quod
1375 2322 1431 2387 hic

299 2428 475 2493 retractem.
520 2422 664 2489 Ceterum
687 2424 808 2501 constat
828 2424 861 2488 in
884 2424 982 2490 altera
1005 2426 1151 2490 societate
1181 2427 1339 2491 maritima
1361 2426 1428 2491 sin-

300 2530 443 2615 gularum
466 2527 589 2592 urbium
615 2525 807 2593 condiciones
831 2526 1057 2593 diversissimas
1081 2528 1188 2593 fuisse.
1235 2529 1279 2594 De
1302 2528 1355 2594 Cei
1376 2530 1432 2594 in-

301 2632 387 2698 sulae
409 2630 537 2696 urbibus
560 2646 621 2694 non
643 2628 779 2693 multum
800 2629 949 2694 babemus
966 2630 1167 2713 compertum.
1211 2631 1259 2696 De
1281 2631 1430 2696 iurisdic-

300 2737 384 2802 tione
429 2752 464 2799 ex
501 2732 603 2798 titulis
649 2750 726 2816 quae
763 2733 908 2816 colligere
946 2733 1109 2816 possimus,
1148 2733 1229 2798 inira
1265 2753 1321 2800 suo
1357 2735 1431 2800 loco

299 2840 426 2905 uberius
448 2834 670 2918 uidebimus2).
715 2835 846 2901 Tributa
868 2835 1027 2914 συντάξεις
1050 2837 1288 2920 appellabantur
1309 2839 1341 2902 et
1356 2838 1428 2920 qui-

300 2942 370 3008 dem
394 2941 535 3026 singulae
557 2942 649 3006 urbes
672 2941 840 3023 separatim
861 2941 1044 3022 pependisse
1075 2941 1235 3006 ridentur:
1267 2943 1298 3006 in
1332 2942 1431 3007 t'tulo

300 3047 383 3110 enim
405 3045 512 3111 Attico
536 3045 580 3128 (n.
604 3043 689 3127 127),
713 3063 804 3127 quem
827 3045 934 3110 statim
966 3045 1139 3111 accuratius
1171 3046 1428 3126 examinabimur,

299 3148 435 3215 Julietae
458 3149 519 3214 tria
539 3148 658 3214 talenta
679 3167 741 3213 non
762 3149 946 3230 persolvisse
970 3148 1124 3216 dicuntur.

403 3249 464 3317 Sed
486 3249 576 3316 ardor
598 3251 661 3329 ille,
686 3269 746 3334 quo
769 3250 859 3315 initio
883 3251 959 3316 socii
980 3251 1096 3317 incensi
1120 3254 1216 3331 erant,
1250 3271 1321 3317 mox
1351 3271 1428 3318 eua-

252 3345 257 3352 ’
301 3355 369 3421 nuit
391 3353 535 3438 deditque
558 3353 694 3438 spatium
717 3371 807 3419 curae
831 3354 863 3420 et
888 3353 1099 3432 sollicitudini,
1122 3355 1255 3436 quaein
1278 3355 1427 3421 (1111111-

301 3459 439 3524 scebant.
486 3457 615 3523 Praeter
636 3457 751 3525 multas
774 3457 856 3522 enim
878 3475 936 3535 res,
969 3474 1044 3539 quas
1068 3457 1142 3520 socii
1172 3456 1428 3540 indignabantur,

298 3561 466 3626 maximam
488 3560 586 3625 movit
608 3559 852 3641 indignationem
875 3559 1032 3624 eleruchia
1061 3558 1125 3634 illa,
1159 3578 1251 3641 quam
1290 3560 1428 3624 Atheni·

299 3680 387 3728 enses
431 3659 558 3727 Samum
601 3659 801 3726 deduxerunt.
869 3661 992 3726 Primae
1035 3660 1254 3726 dominationis
1298 3663 1427 3726 Atticae

300 3763 445 3830 atrocitas
468 3761 611 3827 omnibus
633 3763 794 3828 imminere
816 3762 987 3828 videbatur.

400 3867 432 3932 Is
455 3865 522 3932 erat
543 3885 647 3931 rerum
670 3868 780 3946 status,
813 3885 883 3932 oum
914 3885 985 3932 vore
1008 3887 1036 3932 a.
1060 3865 1124 3930 363
1136 3865 1160 3950 ³)
1193 3866 1428 3948 Epaminondas

403 4137 429 4208 1)
466 4137 715 4207 1101111115.

401 4223 428 4293 2)
466 4223 714 4292 1101111114.

400 4309 427 4380 3)
462 4311 563 4364 Utrum
581 4311 726 4378 expeditio
744 4311 793 4365 illa
804 4323 873 4365 vere
890 4325 914 4364 a
934 4310 986 4364 364
1003 4323 1040 4363 an
1056 4309 1108 4363 363
1126 4309 1265 4372 11111111,
1283 4322 1341 4362 non
1359 4322 1426 4362 con-

299 4397 364 4452 stat.
399 4397 515 4452 Diodor.
534 4397 587 4451 XV
605 4397 697 4464 7811.
725 4397 884 4452 rimoeraoe
912 4397 1048 4451 archonte
1074 4396 1103 4450 id
1131 4396 1238 4450 factum
1256 4408 1319 4449 essa
1346 4394 1425 4448 dicit.
