3298 5304
851 459 913 524 138

313 671 436 741 suniam
460 667 538 733 nihil
561 666 648 732 aliud
671 667 733 732 nisi
755 666 852 732 totius
874 665 967 747 pretii
989 666 1111 746 partam
1142 682 1210 730 esse
1232 662 1378 747 Rangabt
1409 665 1441 730 et

313 771 535 854 Dittenberger
556 789 592 834 ex
614 785 644 836 v.
670 769 709 833 17
734 788 781 850 sq.
803 770 886 834 reete
902 768 1108 848 collegerunt:
1135 766 1440 846 „Redemptoroerto

312 875 412 956 pretio
436 892 522 938 saera
543 872 686 938 facienda
708 874 740 937 et
763 889 871 936 cenam
901 869 1115 936 instruendam
1145 869 1301 934 conduxit.
1346 868 1441 936 Cuius

312 977 406 1060 pretii
427 995 500 1058 pars
523 975 551 1040 ei
574 995 610 1040 ex
633 975 750 1042 nerano
772 974 805 1038 in
828 975 1023 1040 antecessum
1046 972 1146 1051 detur,
1176 971 1210 1037 id
1241 971 1323 1054 qnod
1344 973 1440 1036 restat

312 1078 463 1163 postridie
484 1097 593 1143 cenam
615 1078 644 1142 ei
675 1076 863 1159 persolvitur
893 1095 912 1140 a
943 1077 1113 1158 quaestore,
1146 1075 1174 1140 si
1206 1092 1282 1140 oona
1312 1075 1439 1157 probata

313 1185 371 1248 est.
416 1181 469 1248 Sin
492 1183 596 1246 minus
619 1181 728 1263 quinta
750 1180 847 1246 totius
871 1197 1011 1244 summae
1033 1197 1105 1260 pars
1127 1177 1309 1244 retinetur.“

414 1284 465 1350 Ad
487 1284 578 1349 ludos
601 1282 795 1366 apparandus
826 1281 1012 1364 probation
1035 1280 1080 1344 dr.
1112 1280 1277 1362 aooipiunt,
1309 1299 1438 1362 quarum

311 1387 396 1474 61²),
420 1388 466 1454 dr.
490 1388 530 1454 ad
551 1388 756 1454 certaminum
778 1387 919 1468 praemia
934 1387 1115 1469 designatae
1134 1386 1232 1463 erant,
1255 1386 1367 1468 quihus
1382 1385 1440 1449 viri

311 1491 612 1574 lampadarohusque
634 1491 768 1555 viatores
791 1489 1002 1565 donobantur;
1032 1490 1119 1572 pueri
1140 1489 1273 1554 victores
1296 1491 1327 1554 et
1348 1489 1440 1570 rhap-

312 1594 405 1660 sodns
438 1601 539 1676 κρεῶν
574 1592 681 1678 μερίδα
713 1593 917 1675 accipiebant
961 1591 1173 1658 Certaminum
1206 1611 1320 1674 genera
1353 1592 1441 1656 erant

312 1697 405 1760 haec:
429 1695 565 1761 virorum
584 1693 783 1781 ἀκοντισμὸς,
808 1692 931 1778 τοξικὴ,
957 1693 1260 1777 κατοπαλταφεσία,
1277 1714 1440 1778 puerorum

313 1796 423 1881 τοξικὴ
447 1799 480 1861 et
501 1797 701 1882 ἀκοντισμὸς,
735 1796 864 1882 λαμπὰς
895 1804 958 1860 τῶν
980 1795 1148 1880 νεωτέρων.
1197 1796 1328 1880 Singula
1350 1817 1440 1880 prae·

311 1901 376 1966 mia
398 1900 570 1966 aoonratius
593 1900 814 1964 enumerantur
843 1918 874 1964 r.
896 1897 938 1962 27
962 1918 1007 1981 sq.
1020 1898 1056 1980 ¹).
1101 1899 1149 1964 De
1171 1900 1318 1982 probatis,
1350 1919 1440 1985 gym-

311 2003 492 2078 nasierohis,
516 2001 744 2084 lampadarohis
768 2020 860 2084 supra
886 2001 1013 2068 uberius
1036 2000 1194 2082 disputavi
1205 2000 1245 2084 ²).
1289 2003 1358 2068 Hoo
1373 2004 1440 2068 loeo

311 2108 435 2172 tantum
456 2105 628 2170 monuerim
651 2105 888 2188 lampadarchos
910 2105 1007 2170 fuisse
1023 2105 1166 2188 hierges,
1188 2123 1260 2187 ergo
1276 2104 1442 2190 λαμπάδος

312 2209 454 2290 sumptus
477 2209 501 2272 ii
522 2208 741 2290 praestabant:
764 2208 874 2274 unious
897 2208 1040 2290 sumptus
1063 2225 1155 2289 quem
1177 2209 1299 2274 ciuitati
1319 2209 1440 2292 lampas

311 2313 368 2378 illa
389 2312 560 2390 adserendi,
584 2313 651 2376 erat
672 2311 790 2394 olipeus
814 2309 933 2392 (ἀσπίς)
956 2310 1011 2376 111ο
1034 2308 1076 2382 20
1098 2310 1155 2387 dr,
1186 2329 1246 2393 quo
1270 2311 1442 2378 donabatur

311 2413 551 2496 lampadarohus
572 2412 681 2477 vietor.

415 2516 487 2581 Jum
510 2531 582 2580 vero
605 2515 703 2582 oritur
725 2513 875 2596 quaestio,
899 2533 977 2596 quae
1000 2513 1116 2580 fuerint
1133 2515 1191 2580 illa
1207 2515 1381 2595 sollemnia,
1402 2517 1441 2582 de

310 2619 423 2703 quibus
445 2618 495 2684 hio
518 2618 632 2703 ogitm·.
668 2618 818 2702 Rsngabe
841 2619 874 2682 et
888 2617 1108 2699 Dittenberger
1122 2618 1336 2700 quaestionem
1350 2619 1440 2686 illam

311 2721 437 2789 omnido
458 2742 518 2789 non
541 2723 725 2806 attigerunt.
762 2721 887 2788 Boseth
908 2723 1035 2804 propter
1056 2721 1210 2805 λαμπάδα
1228 2722 1442 2806 militaresque

309 2827 401 2894 ludos
416 2827 574 2892 Minervae
598 2827 701 2908 potius
724 2844 819 2908 quam
831 2825 989 2907 Apollinis
1011 2825 1089 2890 haee
1111 2844 1200 2892 soora
1221 2826 1318 2892 fnisse
1340 2829 1440 2908 putat.

309 2931 413 3012 Bergk
424 2930 452 3010 3)
475 2931 513 2994 de
534 2929 618 2994 lovis
650 2929 852 2996 sollemnibus
874 2929 1010 3012 cogitet:
1046 2929 1127 3008 ,mir
1161 2929 1282 2994 soheint
1313 2949 1346 2994 es
1379 2931 1441 2996 viel

311 3049 557 3116 angomessener,
580 3031 657 3096 eben
680 3049 785 3116 wegen
810 3033 863 3095 des
885 3031 997 3114 gewiss
1020 3031 1108 3095 nieht
1128 3031 1295 3115 zulalligen
1311 3033 1440 3098 Zusem·

310 3134 509 3200 mentretlens
531 3134 585 3200 ent
607 3133 665 3198 den
699 3133 751 3200 20.
773 3134 838 3199 und
869 3135 921 3198 21.
944 3134 1192 3212 Maimalrterion,
1224 3155 1262 3200 an
1295 3137 1346 3200 ein
1366 3135 1440 3202 rost

312 3257 351 3304 an
372 3237 474 3304 Ehren
498 3236 552 3302 des
575 3236 653 3313 Ζεὺς
674 3236 818 3322 Γεωργός
840 3237 904 3302 und
926 3235 1120 3324 Μαιμάκτης
1150 3259 1189 3302 au
1220 3237 1350 3316 denken,
1386 3257 1440 3303 um

310 3359 345 3406 so
366 3341 463 3418 mehr,
489 3340 529 3406 da
550 3340 604 3406 der
626 3339 700 3408 Oult
721 3340 775 3408 des
797 3343 994 3424 agrarisohen
1017 3343 1096 3408 Zeus
1117 3343 1150 3406 in
1174 3342 1250 3408 Ceos
1273 3342 1356 3408 urolt
1377 3341 1441 3410 und

309 3441 422 3507 hoohst
443 3441 618 3508 bedeutend
640 3461 720 3507 war:
756 3443 806 3509 dio
828 3443 1054 3509 militarisohen
1077 3444 1181 3526 Spiele
1213 3444 1313 3510 haben
1337 3445 1440 3510 niehts

310 3543 560 3621 Befremdendes,
585 3545 744 3610 thuliohos
766 3547 889 3610 moohte
920 3547 953 3611 in
976 3546 1054 3612 (loos
1086 3547 1135 3612 bei
1169 3548 1239 3614 dem
1262 3548 1354 3614 Festo
1385 3548 1440 3613 des

310 3647 388 3710 Zeus
412 3643 551 3729 Ἰκμαῖος
574 3647 765 3726 stattfinden‚
802 3649 900 3732 vergl.
924 3647 1026 3716 Schol.
1049 3649 1155 3732 Apoll.
1179 3649 1278 3716 Rhod.
1301 3649 1439 3729 1149&

310 3747 595 3830 Lampadephorien
628 3749 702 3814 aber
731 3749 835 3817 finden
858 3752 933 3834 ‚sion
964 3753 1051 3818 nieht
1079 3774 1140 3819 nur
1168 3755 1211 3818 im
1242 3753 1354 3820 Dienst
1385 3753 1441 3820 dor

416 4037 442 4106 1)
461 4041 497 4094 ol.
515 4040 639 4105 Boeoldr,
658 4041 781 4096 Steatsh.
800 4043 826 4096 d
844 4041 908 4096 Ath.
927 4041 949 4094 1³
967 4057 994 4110 p.
1013 4043 1064 4096 188
1082 4057 1123 4110 sq.

413 4125 441 4193 2)
459 4126 503 4180 De
529 4127 656 4194 protnlis
687 4127 720 4182 of.
748 4142 774 4194 p.
794 4128 827 4181 19
847 4141 896 4195 so,
916 4127 951 4182 de
977 4129 1203 4195 gymnasiorum
1229 4143 1257 4197 p.
1275 4130 1309 4184 96
1327 4144 1377 4198 sq,
1403 4131 1440 4186 de

309 4211 517 4278 lampadarohis
535 4227 561 4280 p.
581 4213 633 4268 125
650 4225 692 4279 sq.

412 4297 439 4365 3)
459 4298 493 4352 ο1.
510 4298 616 4366 Bergk,
635 4300 653 4353 l.
672 4301 689 4353 l.
708 4314 734 4366 p.
753 4301 788 4354 33
805 4314 846 4366 sq.
882 4299 925 4354 De
937 4300 1108 4354 militaribus
1125 4301 1200 4356 ludis
1213 4302 1244 4356 in
1257 4301 1339 4356 lovis
1351 4301 1439 4356 hono

310 4397 373 4437 rem
390 4383 475 4438 laetis
492 4383 649 4452 Bergkinm
667 4400 725 4440 non
743 4387 822 4440 reete
839 4386 982 4440 indioasse
999 4400 1086 4454 supra
1103 4386 1194 4452 dooui,
1214 4387 1248 4442 ol.
1265 4401 1292 4454 p.
1311 4387 1361 4442 133
1379 4400 1420 4454 sq.
