<?xml version="1.0" encoding="UTF-8"?>
<!DOCTYPE html PUBLIC "-//W3C//DTD XHTML 1.0 Transitional//EN"
    "http://www.w3.org/TR/xhtml1/DTD/xhtml1-transitional.dtd">
<html xmlns="http://www.w3.org/1999/xhtml" xml:lang="en" lang="en">
 <head>
  <title>
</title>
<meta http-equiv="Content-Type" content="text/html;charset=utf-8" />
  <meta name='ocr-system' content='tesseract 3.04.00' />
  <meta name='ocr-capabilities' content='ocr_page ocr_carea ocr_par ocr_line ocrx_word'/>
</head>
<body>
  <div class='ocr_page' id='page_1' title='image "./deceiinsulaereb00pridgoog_0163.png"; bbox 0 0 3298 5304; ppageno 0'>
   <div class='ocr_carea' id='block_1_1' title="bbox 899 497 962 562">
    <p class='ocr_par' dir='ltr' id='par_1_1' title="bbox 899 497 962 562">
     <span class='ocr_line' id='line_1_1' title="bbox 899 497 962 562; baseline 0.016 -1"><span class='ocrx_word' id='word_1_1' title='bbox 899 497 962 562; x_wconf 90' lang='lat'>150</span> 
     </span>
    </p>
   </div>
   <div class='ocr_carea' id='block_1_2' title="bbox 369 697 1499 1913">
    <p class='ocr_par' dir='ltr' id='par_1_2' title="bbox 369 697 1499 1913">
     <span class='ocr_line' id='line_1_2' title="bbox 371 697 1498 782; baseline 0 -18"><span class='ocrx_word' id='word_1_2' title='bbox 371 699 451 764; x_wconf 86' lang='lat' dir='ltr'>Sana</span> <span class='ocrx_word' id='word_1_3' title='bbox 485 698 619 781; x_wconf 80' lang='lat' dir='ltr'>quidam,</span> <span class='ocrx_word' id='word_1_4' title='bbox 653 699 706 764; x_wconf 88' lang='lat' dir='ltr'>sed</span> <span class='ocrx_word' id='word_1_5' title='bbox 738 718 798 764; x_wconf 90' lang='lat' dir='ltr'>non</span> <span class='ocrx_word' id='word_1_6' title='bbox 830 699 989 782; x_wconf 82' lang='lat' dir='ltr'>intellego,</span> <span class='ocrx_word' id='word_1_7' title='bbox 1013 697 1165 782; x_wconf 89' lang='lat' dir='ltr'>quomodo</span> <span class='ocrx_word' id='word_1_8' title='bbox 1186 697 1235 762; x_wconf 92' lang='lat' dir='ltr'>his</span> <span class='ocrx_word' id='word_1_9' title='bbox 1259 701 1411 764; x_wconf 77' lang='lat' dir='ltr'>concessis</span> <span class='ocrx_word' id='word_1_10' title='bbox 1432 699 1498 764; x_wconf 92' lang='lat' dir='ltr'>im·</span> 
     </span>
     <span class='ocr_line' id='line_1_3' title="bbox 371 801 1496 886; baseline 0.002 -21"><span class='ocrx_word' id='word_1_11' title='bbox 371 803 494 882; x_wconf 72' lang='lat' dir='ltr'>provisa</span> <span class='ocrx_word' id='word_1_12' title='bbox 515 802 699 886; x_wconf 85' lang='lat' dir='ltr'>largitorum</span> <span class='ocrx_word' id='word_1_13' title='bbox 721 803 839 868; x_wconf 90' lang='lat' dir='ltr'>mentio</span> <span class='ocrx_word' id='word_1_14' title='bbox 861 801 1006 885; x_wconf 80' lang='lat' dir='ltr'>explicari</span> <span class='ocrx_word' id='word_1_15' title='bbox 1028 801 1136 885; x_wconf 88' lang='lat' dir='ltr'>possit.</span> <span class='ocrx_word' id='word_1_16' title='bbox 1167 801 1367 882; x_wconf 85' lang='lat' dir='ltr'>Largitcrum</span> <span class='ocrx_word' id='word_1_17' title='bbox 1388 803 1496 867; x_wconf 89' lang='lat' dir='ltr'>autem</span> 
     </span>
     <span class='ocr_line' id='line_1_4' title="bbox 372 903 1496 988; baseline 0 -20"><span class='ocrx_word' id='word_1_18' title='bbox 372 905 498 969; x_wconf 89' lang='lat' dir='ltr'>nomina</span> <span class='ocrx_word' id='word_1_19' title='bbox 519 904 619 970; x_wconf 89' lang='lat' dir='ltr'>eidam</span> <span class='ocrx_word' id='word_1_20' title='bbox 641 905 766 971; x_wconf 89' lang='lat' dir='ltr'>tabulae</span> <span class='ocrx_word' id='word_1_21' title='bbox 782 905 832 970; x_wconf 90' lang='lat' dir='ltr'>cui</span> <span class='ocrx_word' id='word_1_22' title='bbox 846 905 949 988; x_wconf 85' lang='lat' dir='ltr'>legam</span> <span class='ocrx_word' id='word_1_23' title='bbox 962 904 1051 968; x_wconf 89' lang='lat' dir='ltr'>illam</span> <span class='ocrx_word' id='word_1_24' title='bbox 1067 923 1133 969; x_wconf 86' lang='lat' dir='ltr'>osso</span> <span class='ocrx_word' id='word_1_25' title='bbox 1151 903 1257 982; x_wconf 76' lang='lat' dir='ltr'>incisa,</span> <span class='ocrx_word' id='word_1_26' title='bbox 1273 904 1396 969; x_wconf 85' lang='lat' dir='ltr'>nonest</span> <span class='ocrx_word' id='word_1_27' title='bbox 1412 903 1496 986; x_wconf 91' lang='lat' dir='ltr'>quod</span> 
     </span>
     <span class='ocr_line' id='line_1_5' title="bbox 371 1006 1496 1098; baseline 0.001 -27"><span class='ocrx_word' id='word_1_28' title='bbox 371 1010 535 1071; x_wconf 88' lang='lat' dir='ltr'>miramur:</span> <span class='ocrx_word' id='word_1_29' title='bbox 560 1007 599 1072; x_wconf 87' lang='lat' dir='ltr'>oi.</span> <span class='ocrx_word' id='word_1_30' title='bbox 615 1007 740 1073; x_wconf 88' lang='lat' dir='ltr'>initium</span> <span class='ocrx_word' id='word_1_31' title='bbox 755 1007 944 1074; x_wconf 86' lang='lat' dir='ltr'>Juliotamm</span> <span class='ocrx_word' id='word_1_32' title='bbox 958 1006 1044 1072; x_wconf 86' lang='lat' dir='ltr'>tituli</span> <span class='ocrx_word' id='word_1_33' title='bbox 1060 1025 1152 1089; x_wconf 91' lang='lat' dir='ltr'>quom</span> <span class='ocrx_word' id='word_1_34' title='bbox 1169 1025 1262 1088; x_wconf 88' lang='lat' dir='ltr'>snpra</span> <span class='ocrx_word' id='word_1_35' title='bbox 1276 1007 1368 1098; x_wconf 85' lang='lat' dir='ltr'>attuli</span> <span class='ocrx_word' id='word_1_36' title='bbox 1384 1025 1415 1070; x_wconf 92' lang='lat' dir='ltr'>n.</span> <span class='ocrx_word' id='word_1_37' title='bbox 1430 1007 1496 1084; x_wconf 80' lang='lat'>383</span> 
     </span>
     <span class='ocr_line' id='line_1_6' title="bbox 369 1109 1495 1193; baseline 0.001 -19"><span class='ocrx_word' id='word_1_38' title='bbox 369 1109 516 1193; x_wconf 78' lang='lat' dir='ltr'>Rangabd</span> <span class='ocrx_word' id='word_1_39' title='bbox 538 1129 568 1174; x_wconf 92' lang='lat' dir='ltr'>n.</span> <span class='ocrx_word' id='word_1_40' title='bbox 591 1109 656 1176; x_wconf 87' lang='grc'>689</span> <span class='ocrx_word' id='word_1_41' title='bbox 671 1129 701 1177; x_wconf 87' lang='grc' dir='ltr'>ν.</span> <span class='ocrx_word' id='word_1_42' title='bbox 717 1110 759 1175; x_wconf 75' lang='grc'>48</span> <span class='ocrx_word' id='word_1_43' title='bbox 774 1129 820 1193; x_wconf 88' lang='lat' dir='ltr'>sq.</span> <span class='ocrx_word' id='word_1_44' title='bbox 843 1111 1000 1175; x_wconf 81' lang='lat' dir='ltr'>Firmatnr</span> <span class='ocrx_word' id='word_1_45' title='bbox 1023 1110 1177 1175; x_wconf 84' lang='lat' dir='ltr'>sententia</span> <span class='ocrx_word' id='word_1_46' title='bbox 1200 1129 1270 1174; x_wconf 86' lang='lat' dir='ltr'>mea</span> <span class='ocrx_word' id='word_1_47' title='bbox 1290 1109 1392 1174; x_wconf 82' lang='lat' dir='ltr'>vorbis</span> <span class='ocrx_word' id='word_1_48' title='bbox 1415 1127 1495 1191; x_wconf 87' lang='lat' dir='ltr'>qnae</span> 
     </span>
     <span class='ocr_line' id='line_1_7' title="bbox 370 1211 1499 1299; baseline -0.001 -19"><span class='ocrx_word' id='word_1_49' title='bbox 370 1213 558 1295; x_wconf 81' lang='lat' dir='ltr'>sequnntur:</span> <span class='ocrx_word' id='word_1_50' title='bbox 583 1213 783 1299; x_wconf 76' lang='grc' dir='ltr'>τὴν]στήλην</span> <span class='ocrx_word' id='word_1_51' title='bbox 806 1214 848 1289; x_wconf 84' lang='grc' dir='ltr'>εἰς</span> <span class='ocrx_word' id='word_1_52' title='bbox 871 1215 907 1276; x_wconf 89' lang='grc' dir='ltr'>τό</span> <span class='ocrx_word' id='word_1_53' title='bbox 929 1211 1090 1299; x_wconf 81' lang='grc' dir='ltr'>ἐχέβωμον</span> <span class='ocrx_word' id='word_1_54' title='bbox 1119 1213 1236 1277; x_wconf 72' lang='grc' dir='ltr'>θεῖναι.</span> <span class='ocrx_word' id='word_1_55' title='bbox 1293 1211 1379 1292; x_wconf 80' lang='lat' dir='ltr'>Quae</span> <span class='ocrx_word' id='word_1_56' title='bbox 1401 1213 1499 1279; x_wconf 80' lang='lat' dir='ltr'>verba</span> 
     </span>
     <span class='ocr_line' id='line_1_8' title="bbox 370 1316 1496 1398; baseline 0.002 -18"><span class='ocrx_word' id='word_1_57' title='bbox 370 1316 498 1382; x_wconf 88' lang='lat' dir='ltr'>minima</span> <span class='ocrx_word' id='word_1_58' title='bbox 520 1317 557 1382; x_wconf 89' lang='lat' dir='ltr'>da</span> <span class='ocrx_word' id='word_1_59' title='bbox 579 1317 636 1382; x_wconf 89' lang='lat' dir='ltr'>tali</span> <span class='ocrx_word' id='word_1_60' title='bbox 657 1317 765 1383; x_wconf 86' lang='lat' dir='ltr'>tabula</span> <span class='ocrx_word' id='word_1_61' title='bbox 787 1317 870 1383; x_wconf 87' lang='lat' dir='ltr'>dicta</span> <span class='ocrx_word' id='word_1_62' title='bbox 892 1335 959 1382; x_wconf 88' lang='lat' dir='ltr'>esse</span> <span class='ocrx_word' id='word_1_63' title='bbox 980 1317 1120 1398; x_wconf 84' lang='lat' dir='ltr'>possunt,</span> <span class='ocrx_word' id='word_1_64' title='bbox 1136 1317 1259 1398; x_wconf 87' lang='lat' dir='ltr'>qualem</span> <span class='ocrx_word' id='word_1_65' title='bbox 1276 1316 1431 1382; x_wconf 87' lang='lat' dir='ltr'>Halbharr</span> <span class='ocrx_word' id='word_1_66' title='bbox 1446 1316 1496 1382; x_wconf 85' lang='lat' dir='ltr'>dc·</span> 
     </span>
     <span class='ocr_line' id='line_1_9' title="bbox 370 1418 1496 1506; baseline 0.003 -22"><span class='ocrx_word' id='word_1_67' title='bbox 370 1420 505 1502; x_wconf 79' lang='lat' dir='ltr'>scripsit.</span> <span class='ocrx_word' id='word_1_68' title='bbox 551 1419 611 1484; x_wconf 87' lang='lat' dir='ltr'>Sed</span> <span class='ocrx_word' id='word_1_69' title='bbox 637 1419 711 1502; x_wconf 89' lang='lat' dir='ltr'>qnid</span> <span class='ocrx_word' id='word_1_70' title='bbox 733 1419 793 1484; x_wconf 90' lang='lat' dir='ltr'>sibi</span> <span class='ocrx_word' id='word_1_71' title='bbox 824 1420 893 1484; x_wconf 89' lang='lat' dir='ltr'>vult</span> <span class='ocrx_word' id='word_1_72' title='bbox 923 1419 1002 1484; x_wconf 89' lang='lat' dir='ltr'>illud</span> <span class='ocrx_word' id='word_1_73' title='bbox 1035 1419 1261 1506; x_wconf 59' lang='grc' dir='ltr'>ςέχὲβωμον“λ</span> <span class='ocrx_word' id='word_1_74' title='bbox 1293 1418 1496 1502; x_wconf 73' lang='lat' dir='ltr'>Comparatti</span> 
     </span>
     <span class='ocr_line' id='line_1_10' title="bbox 370 1521 1495 1606; baseline 0.001 -19"><span class='ocrx_word' id='word_1_75' title='bbox 370 1539 459 1606; x_wconf 86' lang='lat' dir='ltr'>qnam</span> <span class='ocrx_word' id='word_1_76' title='bbox 483 1521 638 1587; x_wconf 88' lang='lat' dir='ltr'>Halbherr</span> <span class='ocrx_word' id='word_1_77' title='bbox 660 1522 692 1586; x_wconf 88' lang='lat' dir='ltr'>at</span> <span class='ocrx_word' id='word_1_78' title='bbox 713 1521 838 1594; x_wconf 84' lang='lat' dir='ltr'>Larfald</span> <span class='ocrx_word' id='word_1_79' title='bbox 861 1522 959 1587; x_wconf 85' lang='lat' dir='ltr'>secuti</span> <span class='ocrx_word' id='word_1_80' title='bbox 990 1523 1070 1600; x_wconf 84' lang='lat' dir='ltr'>sunt,</span> <span class='ocrx_word' id='word_1_81' title='bbox 1104 1522 1232 1586; x_wconf 85' lang='lat' dir='ltr'>verbnm</span> <span class='ocrx_word' id='word_1_82' title='bbox 1262 1522 1342 1587; x_wconf 90' lang='lat' dir='ltr'>illud</span> <span class='ocrx_word' id='word_1_83' title='bbox 1374 1523 1419 1588; x_wconf 89' lang='lat' dir='ltr'>sic</span> <span class='ocrx_word' id='word_1_84' title='bbox 1443 1541 1495 1588; x_wconf 81' lang='lat' dir='ltr'>ex-</span> 
     </span>
     <span class='ocr_line' id='line_1_11' title="bbox 370 1623 1498 1708; baseline 0.004 -22"><span class='ocrx_word' id='word_1_85' title='bbox 370 1623 517 1706; x_wconf 77' lang='lat' dir='ltr'>plicavitt</span> <span class='ocrx_word' id='word_1_86' title='bbox 542 1623 666 1705; x_wconf 87' lang='lat' dir='ltr'>„quella</span> <span class='ocrx_word' id='word_1_87' title='bbox 686 1625 773 1706; x_wconf 84' lang='lat' dir='ltr'>parte</span> <span class='ocrx_word' id='word_1_88' title='bbox 797 1625 847 1690; x_wconf 88' lang='lat' dir='ltr'>dal</span> <span class='ocrx_word' id='word_1_89' title='bbox 869 1625 1029 1692; x_wconf 88' lang='lat' dir='ltr'>Peribolos</span> <span class='ocrx_word' id='word_1_90' title='bbox 1052 1625 1103 1690; x_wconf 91' lang='lat' dir='ltr'>dal</span> <span class='ocrx_word' id='word_1_91' title='bbox 1124 1626 1250 1708; x_wconf 91' lang='lat' dir='ltr'>tampio,</span> <span class='ocrx_word' id='word_1_92' title='bbox 1274 1644 1330 1691; x_wconf 88' lang='lat' dir='ltr'>ovo</span> <span class='ocrx_word' id='word_1_93' title='bbox 1352 1626 1405 1691; x_wconf 90' lang='lat' dir='ltr'>all&#39;</span> <span class='ocrx_word' id='word_1_94' title='bbox 1430 1627 1498 1692; x_wconf 85' lang='lat' dir='ltr'>aria</span> 
     </span>
     <span class='ocr_line' id='line_1_12' title="bbox 370 1725 1495 1812; baseline 0.004 -22"><span class='ocrx_word' id='word_1_95' title='bbox 370 1725 468 1790; x_wconf 90' lang='lat' dir='ltr'>libera</span> <span class='ocrx_word' id='word_1_96' title='bbox 500 1727 695 1792; x_wconf 81' lang='lat' dir='ltr'>contonaoasi</span> <span class='ocrx_word' id='word_1_97' title='bbox 728 1727 878 1793; x_wconf 86' lang='lat' dir='ltr'>l&#39;altara.“</span> <span class='ocrx_word' id='word_1_98' title='bbox 925 1727 1011 1808; x_wconf 78' lang='lat' dir='ltr'>Quae</span> <span class='ocrx_word' id='word_1_99' title='bbox 1041 1729 1205 1810; x_wconf 80' lang='lat' dir='ltr'>explicatio</span> <span class='ocrx_word' id='word_1_100' title='bbox 1238 1729 1330 1794; x_wconf 86' lang='lat' dir='ltr'>valdo</span> <span class='ocrx_word' id='word_1_101' title='bbox 1352 1730 1399 1794; x_wconf 90' lang='lat' dir='ltr'>cst</span> <span class='ocrx_word' id='word_1_102' title='bbox 1423 1747 1495 1812; x_wconf 89' lang='lat' dir='ltr'>pro·</span> 
     </span>
     <span class='ocr_line' id='line_1_13' title="bbox 370 1828 1497 1913; baseline 0.002 -21"><span class='ocrx_word' id='word_1_103' title='bbox 370 1828 491 1907; x_wconf 79' lang='lat' dir='ltr'>babilis,</span> <span class='ocrx_word' id='word_1_104' title='bbox 515 1847 588 1892; x_wconf 87' lang='lat' dir='ltr'>nam</span> <span class='ocrx_word' id='word_1_105' title='bbox 610 1829 640 1893; x_wconf 90' lang='lat' dir='ltr'>in</span> <span class='ocrx_word' id='word_1_106' title='bbox 664 1831 786 1896; x_wconf 85' lang='lat' dir='ltr'>decreto</span> <span class='ocrx_word' id='word_1_107' title='bbox 808 1830 956 1913; x_wconf 78' lang='lat' dir='ltr'>Rangabd</span> <span class='ocrx_word' id='word_1_108' title='bbox 978 1849 1008 1894; x_wconf 90' lang='lat' dir='ltr'>n.</span> <span class='ocrx_word' id='word_1_109' title='bbox 1039 1829 1104 1894; x_wconf 78' lang='lat'>689</span> <span class='ocrx_word' id='word_1_110' title='bbox 1134 1851 1164 1895; x_wconf 86' lang='grc' dir='ltr'>ν.</span> <span class='ocrx_word' id='word_1_111' title='bbox 1196 1832 1238 1894; x_wconf 87' lang='grc'>34</span> <span class='ocrx_word' id='word_1_112' title='bbox 1270 1849 1316 1912; x_wconf 86' lang='lat' dir='ltr'>sq.</span> <span class='ocrx_word' id='word_1_113' title='bbox 1351 1831 1497 1896; x_wconf 89' lang='lat' dir='ltr'>similitor</span> 
     </span>
    </p>
   </div>
   <div class='ocr_carea' id='block_1_3' title="bbox 1537 10 1632 480">
    <p class='ocr_par' dir='ltr' id='par_1_3' title="bbox 1537 10 1632 480">
     <span class='ocr_line' id='line_1_14' title="bbox 1537 10 1632 480; baseline 0 0"><span class='ocrx_word' id='word_1_114' title='bbox 1537 10 1632 480; x_wconf 77' lang='lat' dir='ltr'>l</span> 
     </span>
    </p>
   </div>
   <div class='ocr_carea' id='block_1_4' title="bbox 371 1909 1632 2020">
    <p class='ocr_par' dir='ltr' id='par_1_4' title="bbox 371 1909 1632 2020">
     <span class='ocr_line' id='line_1_15' title="bbox 371 1909 1632 2020; baseline -0.006 -23"><span class='ocrx_word' id='word_1_115' title='bbox 371 1932 520 2014; x_wconf 80' lang='lat' dir='ltr'>scniptnm</span> <span class='ocrx_word' id='word_1_116' title='bbox 542 1933 606 1998; x_wconf 84' lang='lat' dir='ltr'>ost:</span> <span class='ocrx_word' id='word_1_117' title='bbox 631 1942 747 2018; x_wconf 76' lang='grc' dir='ltr'>στῆσαι</span> <span class='ocrx_word' id='word_1_118' title='bbox 769 1933 825 2020; x_wconf 85' lang='lat' dir='ltr'>(sc.</span> <span class='ocrx_word' id='word_1_119' title='bbox 849 1932 984 2014; x_wconf 80' lang='grc' dir='ltr'>εἰκόνας)</span> <span class='ocrx_word' id='word_1_120' title='bbox 1007 1933 1042 1997; x_wconf 85' lang='grc' dir='ltr'>ἐν</span> <span class='ocrx_word' id='word_1_121' title='bbox 1063 1940 1108 2017; x_wconf 87' lang='grc' dir='ltr'>τῷ</span> <span class='ocrx_word' id='word_1_122' title='bbox 1131 1933 1201 2018; x_wconf 81' lang='grc' dir='ltr'>ἱερῷ</span> <span class='ocrx_word' id='word_1_123' title='bbox 1234 1943 1291 2018; x_wconf 83' lang='grc' dir='ltr'>τῆς</span> <span class='ocrx_word' id='word_1_124' title='bbox 1313 1931 1497 2018; x_wconf 80' lang='grc' dir='ltr'>Ἀρτέμιδος</span> <span class='ocrx_word' id='word_1_125' title='bbox 1631 1909 1632 1962; x_wconf 56' lang='lat'><em>³</em></span> 
     </span>
    </p>
   </div>
   <div class='ocr_carea' id='block_1_5' title="bbox 370 2033 1497 2634">
    <p class='ocr_par' dir='ltr' id='par_1_5' title="bbox 370 2033 1497 2634">
     <span class='ocr_line' id='line_1_16' title="bbox 371 2033 1494 2121; baseline 0.002 -25"><span class='ocrx_word' id='word_1_126' title='bbox 371 2044 428 2120; x_wconf 72' lang='grc' dir='ltr'>τῆς</span> <span class='ocrx_word' id='word_1_127' title='bbox 450 2033 642 2121; x_wconf 85' lang='grc' dir='ltr'>Ἀμαρυσίας</span> <span class='ocrx_word' id='word_1_128' title='bbox 664 2036 708 2100; x_wconf 86' lang='grc' dir='ltr'>ἐν</span> <span class='ocrx_word' id='word_1_129' title='bbox 731 2043 783 2120; x_wconf 81' lang='grc' dir='ltr'>τῷ</span> <span class='ocrx_word' id='word_1_130' title='bbox 807 2035 1140 2120; x_wconf 78' lang='grc' dir='ltr'>ἐπιφανεστάτῳ</span> <span class='ocrx_word' id='word_1_131' title='bbox 1165 2033 1276 2119; x_wconf 84' lang='grc' dir='ltr'>τόπῳ</span> <span class='ocrx_word' id='word_1_132' title='bbox 1299 2069 1340 2085; x_wconf 90' lang='grc'>-</span> <span class='ocrx_word' id='word_1_133' title='bbox 1357 2034 1494 2119; x_wconf 79' lang='grc' dir='ltr'>ἀναγρά-</span> 
     </span>
     <span class='ocr_line' id='line_1_17' title="bbox 370 2137 1496 2226; baseline -0.002 -24"><span class='ocrx_word' id='word_1_134' title='bbox 370 2137 427 2221; x_wconf 84' lang='grc' dir='ltr'>ψαι</span> <span class='ocrx_word' id='word_1_135' title='bbox 450 2139 484 2203; x_wconf 84' lang='grc' dir='ltr'>δὲ</span> <span class='ocrx_word' id='word_1_136' title='bbox 507 2139 578 2204; x_wconf 86' lang='grc' dir='ltr'>τόδε</span> <span class='ocrx_word' id='word_1_137' title='bbox 600 2143 636 2204; x_wconf 88' lang='grc' dir='ltr'>τό</span> <span class='ocrx_word' id='word_1_138' title='bbox 658 2139 806 2226; x_wconf 82' lang='grc' dir='ltr'>ψήφισμα</span> <span class='ocrx_word' id='word_1_139' title='bbox 828 2140 870 2216; x_wconf 82' lang='grc' dir='ltr'>εἰς</span> <span class='ocrx_word' id='word_1_140' title='bbox 894 2139 1015 2225; x_wconf 85' lang='grc' dir='ltr'>στήλας</span> <span class='ocrx_word' id='word_1_141' title='bbox 1037 2139 1161 2216; x_wconf 73' lang='grc' dir='ltr'>λιθίνας</span> <span class='ocrx_word' id='word_1_142' title='bbox 1175 2139 1230 2203; x_wconf 82' lang='grc' dir='ltr'>δύο</span> <span class='ocrx_word' id='word_1_143' title='bbox 1249 2142 1304 2203; x_wconf 85' lang='grc' dir='ltr'>καὶ</span> <span class='ocrx_word' id='word_1_144' title='bbox 1326 2139 1496 2204; x_wconf 71' lang='grc' dir='ltr'>ἀναθεῖναι</span> 
     </span>
     <span class='ocr_line' id='line_1_18' title="bbox 371 2241 1496 2329; baseline 0.002 -25"><span class='ocrx_word' id='word_1_145' title='bbox 371 2245 456 2326; x_wconf 85' lang='grc' dir='ltr'>παρὰ</span> <span class='ocrx_word' id='word_1_146' title='bbox 477 2244 534 2319; x_wconf 78' lang='grc' dir='ltr'>τὰς</span> <span class='ocrx_word' id='word_1_147' title='bbox 556 2241 690 2325; x_wconf 79' lang='grc' dir='ltr'>εἰκόνας,</span> <span class='ocrx_word' id='word_1_148' title='bbox 715 2244 798 2320; x_wconf 85' lang='grc' dir='ltr'>όπως</span> <span class='ocrx_word' id='word_1_149' title='bbox 821 2243 962 2328; x_wconf 75' lang='grc' dir='ltr'>ἐκφανὴς</span> <span class='ocrx_word' id='word_1_150' title='bbox 985 2243 1113 2329; x_wconf 74' lang='grc' dir='ltr'>ὑπάρχῃ</span> <span class='ocrx_word' id='word_1_151' title='bbox 1140 2251 1204 2319; x_wconf 85' lang='grc' dir='ltr'>τοῖς</span> <span class='ocrx_word' id='word_1_152' title='bbox 1220 2245 1255 2307; x_wconf 83' lang='grc' dir='ltr'>τε</span> <span class='ocrx_word' id='word_1_153' title='bbox 1269 2241 1411 2318; x_wconf 80' lang='grc' dir='ltr'>πολίταις</span> <span class='ocrx_word' id='word_1_154' title='bbox 1435 2251 1496 2306; x_wconf 79' lang='grc' dir='ltr'>πᾶ-</span> 
     </span>
     <span class='ocr_line' id='line_1_19' title="bbox 372 2344 1494 2432; baseline 0.003 -25"><span class='ocrx_word' id='word_1_155' title='bbox 372 2363 420 2408; x_wconf 90' lang='grc' dir='ltr'>σιν</span> <span class='ocrx_word' id='word_1_156' title='bbox 443 2347 498 2408; x_wconf 82' lang='grc' dir='ltr'>καὶ</span> <span class='ocrx_word' id='word_1_157' title='bbox 521 2354 585 2421; x_wconf 86' lang='grc' dir='ltr'>τοῖς</span> <span class='ocrx_word' id='word_1_158' title='bbox 607 2344 702 2423; x_wconf 82' lang='grc' dir='ltr'>ξένοις</span> <span class='ocrx_word' id='word_1_159' title='bbox 724 2355 789 2422; x_wconf 85' lang='grc' dir='ltr'>τοῖς</span> <span class='ocrx_word' id='word_1_160' title='bbox 810 2346 1089 2432; x_wconf 85' lang='grc' dir='ltr'>παρεπιδημοῦσιν.</span> <span class='ocrx_word' id='word_1_161' title='bbox 1144 2345 1264 2427; x_wconf 79' lang='lat' dir='ltr'>Quibus</span> <span class='ocrx_word' id='word_1_162' title='bbox 1285 2347 1376 2412; x_wconf 85' lang='lat' dir='ltr'>robus</span> <span class='ocrx_word' id='word_1_163' title='bbox 1399 2364 1494 2428; x_wconf 86' lang='lat' dir='ltr'>expo·</span> 
     </span>
     <span class='ocr_line' id='line_1_20' title="bbox 372 2447 1497 2533; baseline 0.004 -23"><span class='ocrx_word' id='word_1_164' title='bbox 372 2447 441 2512; x_wconf 85' lang='lat' dir='ltr'>sitis</span> <span class='ocrx_word' id='word_1_165' title='bbox 464 2448 539 2512; x_wconf 87' lang='lat' dir='ltr'>satis</span> <span class='ocrx_word' id='word_1_166' title='bbox 562 2447 703 2513; x_wconf 86' lang='lat' dir='ltr'>docuisse</span> <span class='ocrx_word' id='word_1_167' title='bbox 734 2449 848 2524; x_wconf 86' lang='lat' dir='ltr'>videor,</span> <span class='ocrx_word' id='word_1_168' title='bbox 878 2450 980 2533; x_wconf 88' lang='lat' dir='ltr'>legam</span> <span class='ocrx_word' id='word_1_169' title='bbox 1012 2450 1100 2514; x_wconf 89' lang='lat' dir='ltr'>illam</span> <span class='ocrx_word' id='word_1_170' title='bbox 1131 2468 1191 2514; x_wconf 93' lang='lat' dir='ltr'>non</span> <span class='ocrx_word' id='word_1_171' title='bbox 1222 2467 1311 2532; x_wconf 88' lang='lat' dir='ltr'>possa</span> <span class='ocrx_word' id='word_1_172' title='bbox 1342 2448 1497 2530; x_wconf 87' lang='lat' dir='ltr'>portinere</span> 
     </span>
     <span class='ocr_line' id='line_1_21' title="bbox 371 2548 1474 2634; baseline 0.004 -21"><span class='ocrx_word' id='word_1_173' title='bbox 371 2549 432 2614; x_wconf 86' lang='lat' dir='ltr'>nisi</span> <span class='ocrx_word' id='word_1_174' title='bbox 454 2549 493 2615; x_wconf 90' lang='lat' dir='ltr'>ad</span> <span class='ocrx_word' id='word_1_175' title='bbox 516 2548 815 2615; x_wconf 84' lang='lat' dir='ltr'>administrationem</span> <span class='ocrx_word' id='word_1_176' title='bbox 837 2551 1038 2631; x_wconf 78' lang='lat' dir='ltr'>pecuniarum</span> <span class='ocrx_word' id='word_1_177' title='bbox 1060 2549 1202 2634; x_wconf 87' lang='lat' dir='ltr'>Apollini</span> <span class='ocrx_word' id='word_1_178' title='bbox 1224 2550 1302 2616; x_wconf 91' lang='lat' dir='ltr'>dono</span> <span class='ocrx_word' id='word_1_179' title='bbox 1318 2549 1474 2617; x_wconf 87' lang='lat' dir='ltr'>datarum.</span> 
     </span>
    </p>
   </div>
   <div class='ocr_carea' id='block_1_6' title="bbox 0 0 1654 5304">
    <p class='ocr_par' dir='ltr' id='par_1_6' title="bbox 0 0 1654 5304">
     <span class='ocr_line' id='line_1_22' title="bbox 0 0 1654 5304; baseline 0 0"><span class='ocrx_word' id='word_1_180' title='bbox 0 0 1654 5304; x_wconf 95' lang='lat' dir='ltr'> </span> 
     </span>
    </p>
   </div>
  </div>
 </body>
</html>
