3322 5302
776 493 987 592 219-

321 699 373 764 hic
395 717 433 764 no
457 698 587 782 cogitari
610 697 737 780 quidem
758 698 874 780 potest.
918 698 950 778 4)
976 694 1175 761 Wilamovitz
1185 693 1212 777 ¹)
1246 694 1363 777 optimo
1394 692 1451 759 do-

321 802 386 866 cuit
410 801 515 884 ἔφεσιν
538 803 598 865 non
622 799 796 884 significare
818 798 1078 882 provocationem,
1111 796 1165 862 sed
1195 796 1278 862 idom
1310 814 1380 862 esse
1402 797 1451 862 at-

321 923 380 986 que
411 903 453 979 εἰς
485 902 636 978 δικαστάς
658 900 777 986 ἐφιέναι
800 923 840 965 τι.
890 901 935 966 [λε
964 900 1058 966 verbo
1090 901 1195 983 ἔφεσις
1223 919 1296 964 mea
1325 900 1451 983 quidem

322 1007 475 1073 sententia
497 1007 580 1072 idem
603 1007 696 1086 valet,
720 1006 802 1089 quod
824 1024 918 1089 supra
940 1005 978 1070 de
1000 1004 1102 1071 verbis
1125 1003 1285 1088 έκκλητσς
1307 1001 1381 1089 δίκη
1398 1022 1450 1068 ox-

322 1112 422 1194 posui.
466 1109 533 1175 Vox
555 1110 660 1193 έφεσις
683 1109 806 1192 proprio
828 1108 908 1173 nihil
930 1107 1017 1173 aliud
1040 1107 1195 1190 signifieat
1215 1105 1278 1174 nisi
1313 1106 1451 1185 „Ueber-

320 1214 490 1296 weisung“‚
512 1231 610 1294 neque
640 1212 740 1276 ullam
770 1210 995 1294 provocationis
1027 1210 1183 1276 notionem
1213 1209 1318 1274 habet.
1362 1207 1451 1288 Quod

321 1317 437 1400 optime
461 1315 673 1381 demonstrare
696 1331 823 1397 possum
846 1332 882 1378 ex
903 1312 1081 1378 Afintotelis
1103 1312 1206 1378 verbis
1221 1312 1258 1394 ἰ).
1303 1311 1451 1395 Legimus

321 1420 403 1484 enim
441 1418 536 1484 haec:
581 1416 598 1480 ὁ
635 1416 670 1479 δὲ
707 1415 805 1500 δῆμος
843 1413 991 1498 ἀφείλετο
1029 1423 1087 1498 της
1122 1414 1239 1500 βουλης
1275 1415 1311 1477 τὸ
1349 1413 1450 1478 δανα-

321 1530 395 1586 τοῦν
427 1522 483 1584 καὶ
519 1519 584 1583 δεῖν
621 1520 677 1582 καὶ
712 1516 855 1603 χρήμασι
877 1517 1008 1602 ζημιοῦν
1044 1519 1100 1580 καὶ
1138 1516 1267 1602 νόμον
1302 1516 1449 1598 έθετο,

323 1627 370 1689 άν
403 1646 520 1700 τινος
551 1623 723 1687 ἀδικεῖν
745 1621 766 1707 ἡ
790 1621 926 1708 βουλὴ
949 1629 1151 1705 καταγνῷ
1182 1622 1204 1706 ἢ
1236 1619 1449 1706 ζημιώσῃ,

322 1727 396 1801 τὰς
432 1723 734 1810 καταγνώσεις
764 1725 837 1787 καὶ
868 1725 940 1799 τὰς
977 1721 1293 1808 ἐπιζημιώσεις
1331 1723 1451 1786 εἰσά-

321 1848 416 1911 γειν
446 1831 544 1904 τοὺς
569 1825 851 1912 θεσμοθέτας
874 1825 933 1902 εἰς
964 1827 1008 1889 τὸ
1045 1825 1347 1918 δικαστήριον,
1381 1827 1452 1888 καὶ

322 1931 399 1994 ὅτι
428 1933 476 1995 ἂν
506 1930 543 1996 οἰ
574 1929 782 1994 δικασταὶ
812 1927 1090 2014 ψηφίσωνται
1127 1939 1255 1994 τοῦτο
1292 1929 1452 2014 κύριον

322 2034 452 2098 είναι.
512 2033 621 2114 Pergit
660 2031 769 2097 deinde
802 2029 1005 2096 Aristoteles:
1052 2029 1148 2114 κρίνει
1187 2029 1221 2094 δὲ
1257 2032 1313 2106 τάς
1353 2031 1453 2115 ἀρχάς

322 2135 343 2221 ἡ
367 2135 466 2222 βουλη
490 2137 546 2212 τὰς
567 2133 731 2216 πλείστας,
765 2131 897 2218 μάλισθ’
919 2134 990 2196 ὅσαι
1023 2132 1176 2218 χρήματα
1198 2132 1449 2218 διαχειρίζουσιν·

322 2239 367 2302 ού
399 2237 526 2322 κυρία
556 2236 583 2300 δ’
613 2237 635 2322 η
667 2236 823 2321 κρίσις,
858 2234 951 2300 ἀλλ’
982 2234 1190 2321 ἐφέσιμος
1224 2237 1284 2311 εἰς
1317 2239 1362 2299 τὸ
1392 2235 1451 2299 δι-

323 2341 584 2426 καστήριον;
622 2340 767 2425 ἐφέσιμος
798 2341 841 2415 εἰς
872 2361 902 2404 τ.
937 2339 966 2404 δ.
1000 2340 1051 2405 hic
1073 2339 1152 2405 nihil
1174 2339 1260 2406 aliud
1280 2339 1452 2425 significare

323 2445 436 2527 potest,
453 2445 514 2509 nisi
537 2463 631 2527 supra
653 2443 791 2527 εἰσάγειν
813 2443 857 2519 εἰς
879 2446 915 2506 τὸ
937 2442 1151 2528 δικαστήριον.
1199 2443 1261 2508 Res
1277 2445 1383 2510 autem
1396 2443 1452 2509 illa

324 2545 360 2610 fit
382 2545 481 2611 multo
504 2545 624 2623 οἰκεῖοι,
650 2545 677 2610 si
698 2545 793 2610 verba
816 2563 895 2628 quae
913 2547 1084 2628 sequuntur
1100 2547 1327 2612 examinamus:
1351 2545 1453 2623 ἔξεστι

324 2648 359 2711 δέ
381 2649 436 2712 καὶ
458 2656 524 2724 τοῖς
547 2645 681 2724 ἰδιώταις
703 2647 922 2732 εἰσαγγέλλειν
944 2649 985 2732 ἣν
1007 2650 1046 2712 ἂν
1066 2648 1239 2735 βούλωνται
1261 2656 1324 2714 τών
1346 2649 1453 2734 ἀρχῶν

324 2751 368 2836 μὴ
391 2749 537 2836 χρῆσθαι
559 2758 624 2826 τοίς
646 2748 760 2836 νόμοις·
786 2751 937 2834 έφεσις
967 2750 1107 2816 δὲκαὶ
1140 2751 1313 2828 τούτοις
1335 2751 1453 2816 ἐστὶν

325 2851 779 2937 εἰςτδδικαστήριον,
814 2852 889 2916 ἐὰν
924 2853 1120 2938 αύτῶνή
1155 2852 1295 2940 βουλη
1328 2874 1453 2918 κατα-

324 2960 421 3037 γνῷ.
482 2954 585 3019 Verba
620 2955 726 3037 ἔφεσις
759 2954 803 3030 εἰς
838 2956 874 3018 τὸ
906 2953 1108 3040 δικαστήριον
1129 2993 1173 3004 -
1204 2963 1355 3040 καταγνῷ
1377 2955 1453 3020 adeo

325 3057 513 3140 respondent
534 3057 636 3122 verbis
659 3057 941 3142 καταγνώσεις-
964 3058 1101 3144 εἰσάγειν
1123 3095 1165 3106 -
1187 3059 1230 3135 εἰς
1252 3061 1288 3123 τὸ
1303 3057 1453 3144 δικαστη-

325 3179 400 3242 ριον,
425 3159 461 3223 ιιί
483 3160 521 3224 de
543 3160 759 3242 provocatione
782 3159 832 3224 hic
854 3179 893 3226 ne
916 3161 1046 3245 cogitari
1077 3161 1202 3245 quidem
1233 3162 1342 3244 possit.
1390 3161 1455 3227 Ne·

325 3281 383 3344 que
406 3262 496 3328 aliter
517 3281 565 3328 res
591 3281 623 3328 se
645 3263 740 3328 habet
771 3262 808 3328 de
841 3264 968 3347 reliquis
1002 3265 1123 3331 verbis:
1158 3263 1320 3350 δοκιμάζει
1343 3264 1377 3328 δὲ
1400 3267 1455 3328 καί

325 3367 396 3441 τοὺς
418 3365 589 3452 βουλευτάς
612 3368 683 3442 τούς
698 3368 753 3430 τὸν
768 3367 898 3451 ὕστερον
913 3366 1056 3433 ἐνιαυτὸν
1071 3366 1299 3454 βουλεύσοντας
1315 3369 1455 3443 καὶτοὺς

325 3465 414 3532 ἐννέα
437 3470 613 3553 ἄρχοντας.
638 3469 930 3554 καὶπρότερον
952 3471 1100 3555 μένην
1125 3468 1454 3554 ἀποδοκιμάσαι

274 3595 279 3598 ·
325 3570 468 3655 κυρία,
493 3571 808 3642 νύνδὲ<κοιί>
841 3573 1018 3650 τούτοις
1050 3572 1206 3657 ἔφεσίς
1240 3573 1456 3650 ἐστινείς

326 3672 692 3758 τὸδικαστηριον
717 3722 725 3738 .
750 3675 1117 3762 τούτωνμὲνούν
1151 3675 1455 3761 άκυρύςέστιν

325 3773 518 3861 ἡβουλη.
575 3775 720 3843 Vidimus
742 3797 814 3864 ergo
846 3778 1048 3847 An'stotelem
1080 3779 1132 3845 hic
1164 3779 1285 3846 nullam
1307 3797 1455 3864 provoca·

325 3877 420 3944 tionis
443 3878 632 3944 montionem
655 3879 774 3962 fecisse,
798 3900 897 3966 nequo
918 3883 1012 3950 verba
1043 3883 1148 3967 ἔφεσις
1179 3883 1281 3960 εἰςτὸ
1304 3881 1454 3967 δικαστή-

328 4001 390 4063 ριον
413 3979 499 4044 aliud
521 3980 695 4065 significare
718 3983 780 4050 nisi
802 3983 938 4068 εἰσάγειν
961 3985 1004 4060 εἰς
1025 3987 1061 4047 τὸ
1084 3983 1305 4070 δικαστήριονς
1329 3987 1455 4050 senatus

326 4081 375 4146 est
396 4082 523 4166 ἄκυρος,
547 4101 621 4169 ergo
643 4084 680 4150 de
703 4084 919 4168 provocatione
942 4087 1073 4170 cogitan'
1103 4105 1165 4152 non
1196 4089 1308 4170 potest.
1354 4087 1456 4153 Aliter

430 4318 456 4387 1)
476 4320 510 4375 cf.
528 4320 630 4376 Philol.
648 4321 711 4377 Unt.
730 4321 742 4374 Ι
759 4337 783 4390 μ.
803 4321 838 4376 88
856 4336 897 4390 sq.

430 4406 457 4472 2)
475 4405 591 4462 Aristot.
610 4403 698 4476 Ἀύηκ
716 4408 774 4464 πολ.
792 4410 836 4474 45,
855 4411 930 4464 1-3.
