3336 5314
850 457 895 521 40

770 549 974 561 nun—-

307 685 365 732 enr
385 666 511 748 insuper
532 665 629 729 etiem
648 660 1089 746 peenniasmutuasdoderint
1110 661 1285 743 uoupm
1327 658 1439 744 Neque

307 787 345 834 ea
366 765 527 849 intellego,
541 784 620 849 quae
642 765 792 848 Sennto¹)
816 765 855 829 de
870 763 1090 847 „Shlisiernug
1110 761 1167 828 des
1187 763 1357 829 ΗΘΜ*
1371 765 1438 829 dis-

307 871 447 954 pulerit:
480 869 584 934 neseio
605 868 689 934 enim
711 867 864 950 quomodo
879 866 1084 931 Athenienses
1104 866 1138 930 id
1160 868 1253 932 aliter
1266 868 1437 950 exprimere

307 971 475 1055 potuerint.
518 970 609 1051 Quod
629 970 749 1036 exsules
771 971 811 1034 ab
826 969 1070 1035 Atheniensrhns
1091 971 1230 1034 restituti
1243 969 1436 1036 trietalente

307 1073 432 1140 residue
454 1093 522 1140 esse
544 1074 730 1152 detulerant,
760 1075 793 1138 in
815 1093 851 1139 eo
872 1073 1088 1140 offendendum
1118 1091 1181 1138 non
1210 1075 1276 1149 est;
1307 1076 1437 1156 apparet

306 1177 399 1256 enim,
421 1176 456 1241 id
477 1177 593 1260 partim
614 1175 656 1241 ad
676 1175 916 1240 Atheniensium
936 1177 1014 1240 iram
1037 1173 1233 1257 plaeendm,
1256 1175 1374 1255 partim
1395 1174 1436 1238 ad

306 1277 496 1344 adversarios
530 1278 701 1361 puniendos
732 1278 851 1344 laetum
880 1297 958 1342 esse.
1009 1279 1083 1344 Jem
1114 1295 1187 1342 roro
1217 1275 1257 1341 ad
1287 1276 1437 1342 Koehleri

306 1382 457 1466 optimam
479 1385 686 1447 coniecturam
708 1383 910 1446 revertamur.
952 1364 1208 1463 Aristophontem
1219 1379 1434 1458 laoniensem,

306 1485 360 1567 qui
381 1485 512 1550 alteram
534 1483 736 1548 rebellionem
759 1483 879 1548 sedarit
901 1485 1015 1566 quique
1036 1483 1215 1566 psephisma
1236 1482 1319 1547 illud
1350 1483 1435 1560 tulit,

306 1586 480 1672 Hyperides
502 1586 540 1652 de
554 1586 733 1668 repetundis
749 1585 929 1668 postulavit,
953 1585 1008 1650 sed
1021 1586 1076 1650 ille
1091 1587 1230 1668 superior
1243 1584 1387 1652 dissensit
1397 1587 1435 1670 ²).

308 1688 363 1755 Cei
384 1709 457 1773 ergo
479 1689 564 1754 hand
589 1689 682 1753 dubie
705 1688 768 1752 tria
788 1688 845 1753 ille
866 1688 985 1754 talenta
1005 1689 1228 1772 persolverunt.

409 1789 521 1857 Restat
535 1795 571 1856 nt
585 1791 623 1857 de
637 1790 849 1856 iurisiurandi
862 1791 1004 1856 formulis
1019 1809 1118 1874 pausa
1132 1791 1277 1856 ediciam.
1298 1790 1437 1857 Koehler

306 1895 506 1981 sagacissime
527 1895 592 1959 tres
614 1894 691 1959 iuris
706 1893 830 1959 iurandi
845 1893 994 1959 formulas
1014 1897 1134 1959 erstem
1155 1894 1329 1960 intellexit:
1352 1895 1384 1978 1)
1404 1914 1433 1958 r.

305 1997 436 2063 57-69
455 1999 561 2065 iurant
577 1998 816 2063 Atheniensium
833 1999 965 2082 strategi
986 2000 1079 2080 etque
1094 1999 1180 2075 socii,
1201 1995 1237 2080 2)
1260 2018 1290 2062 v.
1304 1997 1432 2062 69-81

306 2099 360 2167 dei
381 2101 505 2167 insulse
521 2101 626 2179 nrbes,
647 2099 683 2184 3)
707 2101 761 2166 Cei
775 2101 903 2165 redacti.
918 2100 1111 2166 Koehlernm
1131 2101 1198 2165 iure
1217 2100 1435 2184 Dihtenberger

305 2203 338 2268 ot
359 2202 498 2286 Sonne⁸l
532 2203 630 2268 secuti
665 2205 746 2268 sunt.
791 2203 953 2284 flantem),
983 2203 1037 2285 qui
1067 2202 1216 2268 Koehleri
1247 2203 1435 2268 sententiam

303 2305 445 2371 refellere
468 2305 600 2382 studuit,
621 2307 721 2370 totam
742 2324 808 2370 rem
830 2304 978 2370 turbarit.
1015 2306 1158 2371 Primum
1181 2306 1264 2370 enim
1278 2307 1434 2372 iusiuran-

307 2407 383 2473 dnm
416 2409 456 2474 ab
478 2407 720 2474 Atheniensibus
755 2410 787 2473 et
809 2407 878 2473 Osis
910 2407 1043 2474 redactis
1074 2409 1212 2474 iuratum
1242 2427 1311 2474 esse
1341 2411 1433 2492 atque

304 2510 406 2576 verbis
439 2509 468 2574 ol
505 2510 666 2595 σύμμαχοι
698 2509 775 2576 Ceos
808 2511 948 2577 redactos
982 2511 1151 2595 significari
1173 2511 1268 2588 dioit;
1299 2511 1435 2577 alterum

304 2613 519 2680 iusiurandum
552 2616 597 2680 sio
619 2615 776 2681 restituit:
814 2617 901 2700 ὅρκοι
935 2619 991 2680 καὶ
1022 2616 1184 2700 συνθῆκαι
1216 2623 1279 2679 τῶν
1310 2615 1434 2680 πόλεων

304 2725 367 2782 τῶν
389 2715 423 2782 ἑν
444 2715 518 2802 Κέῳ
540 2715 630 2805 πρὸ[ς
653 2721 723 2795 τοὺς
746 2722 942 2805 στρατηγοὺς
957 2723 1029 2795 τοὺς
1042 2717 1243 2804 Ἀθηναίων]
1260 2720 1317 2782 καὶ
1331 2717 1434 2783 Κείων

302 2821 355 2899 οὓς
377 2819 565 2906 κατήγαγον
580 2819 766 2907 Ἀθηναῖοι,
790 2823 920 2888 tertium
942 2823 1091 2906 denique:
1116 2822 1209 2907 [τάδε
1224 2823 1352 2908 ὤμοσαν
1376 2826 1433 2904 (so.

303 2922 336 2986 αἱ
357 2923 465 3000 πόλεις
486 2923 519 2988 αἱ
541 2924 575 2988 ἐν
597 2923 684 3008 Κέῳ)
708 2923 813 3000 Κείοις
834 2926 887 3000 οὓς
909 2924 1096 3009 κατήγαγον
1110 2922 1306 3012 Ἀθηναῖοι).
1346 2924 1433 2990 Haeo

304 3027 459 3092 sententio
479 3045 623 3109 perversa
645 3029 703 3093 est.
747 3029 846 3110 Atqrri
867 3029 968 3094 verbis
991 3028 1019 3092 οἱ
1042 3029 1203 3114 σύμμαχοι
1227 3027 1303 3093 Ceos
1325 3027 1433 3093 redae·

302 3129 352 3194 tos
374 3127 543 3212 significari
565 3128 650 3195 dinit.
694 3129 783 3196 Itane
804 3133 902 3196 vero?
925 3151 955 3197 v.
977 3129 1020 3194 29
1047 3131 1176 3196 verbum
1198 3129 1359 3215 σύμμαχοι
1385 3131 1429 3196 si·

301 3229 430 3316 gnifieat
439 3233 555 3298 socios:
574 3251 646 3317 ergo
661 3233 830 3300 seeundum
845 3234 1022 3300 Hartelium
1037 3235 1167 3300 verbum
1180 3233 1261 3298 illud
1275 3235 1308 3298 in
1323 3233 1431 3300 eodem

302 3333 396 3401 titulo
418 3335 503 3402 nnllo
535 3337 660 3402 omnino
691 3336 781 3421 signo
813 3337 953 3420 opposito
984 3336 1076 3402 modo
1109 3338 1209 3402 socios
1240 3335 1331 3402 modo
1354 3335 1431 3402 (loos

302 3435 442 3504 redootos
466 3437 641 3522 significare
665 3441 788 3522 potest!
834 3439 953 3506 Deinde
976 3441 1002 3504 si
1023 3441 1056 3504 in
1087 3440 1187 3522 primo
1218 3438 1433 3504 iureiurando

407 3691 432 3760 1)
469 3691 581 3756 Snento,
601 3694 618 3748 l.
638 3693 656 3748 1.
674 3709 700 3762 p.
719 3695 736 3748 3
755 3699 783 3749 et
801 3695 819 3749 4
836 3699 894 3749 not.
915 3696 956 3750 15.

405 3777 432 3846 2)
470 3779 504 3834 ol.
523 3779 616 3836 Schol.
635 3782 670 3836 ed
684 3783 814 3838 Aeschin.
833 3782 903 3838 'llm
922 3784 964 3847 64,
983 3785 1031 3851 qui
1049 3783 1120 3839 falso
1139 3786 1253 3840 narret:
1271 3784 1431 3852 repandum

303 3861 384 3918 teilo.
420 3864 577 3934 Hyperides
606 3867 682 3921 enlm
709 3869 770 3934 ipse
798 3867 858 3936 (pro
877 3869 950 3923 Eux.
969 3869 1012 3936 38)
1032 3870 1123 3924 dixit:
1151 3869 1224 3937 παρὰ
1250 3869 1298 3921 δύο
1324 3869 1434 3938 ψήφους

302 3947 432 4018 ἀπέφυγε.
469 3951 502 4004 oi.
522 3949 653 4016 Koehler,
672 3952 690 4006 l.
709 3953 744 4016 l.;
773 3953 913 4018 Soheeler,
933 3955 951 4010 l.
970 3955 1005 4018 l.;
1033 3955 1146 4020 Bolooh,
1175 3954 1310 4010 Att.P01.
1332 3969 1358 4022 p.
1380 3955 1430 4010 159

303 4035 332 4088 et
349 4037 407 4090 not.
425 4036 451 4090 4.

405 4119 431 4188 3)
468 4119 570 4186 Sonus,
589 4123 632 4177 De
650 4123 763 4178 arbitris
782 4127 918 4189 externis,
938 4125 1091 4194 Gottingae
1109 4127 1177 4182 1888
1195 4141 1221 4194 p.
1240 4127 1299 4182 109.

404 4203 431 4272 4)
467 4205 571 4270 Hertel,
600 4207 678 4263 stud.
705 4209 776 4264 iiber
802 4213 852 4265 ett.
880 4211 1007 4274 Steetsr„
1035 4211 1152 4266 Sitaher.
1180 4212 1205 4266 d.
1233 4213 1325 4268 Wieru
1344 4213 1429 4268 Aeed.

303 4289 371 4345 1878
389 4291 469 4360 (ΧΟΙ)
489 4308 514 4361 p.
529 4293 581 4348 104
595 4309 636 4362 sq.
655 4295 689 4349 ol.
707 4295 899 4364 Heydemenn,
918 4297 961 4351 De
973 4301 1075 4352 senatu
1087 4298 1187 4353 Athen.
1206 4313 1232 4366 p.
1246 4299 1280 4352 47
1300 4299 1429 4368 (Dissert.

302 4375 416 4446 ligent.
435 4379 474 4434 lV
492 4379 560 4436 1880
578 4395 604 4449 p.
623 4382 683 4450 193)
703 4383 806 4436 mirum
823 4384 853 4438 in
871 4385 986 4440 modum
1003 4385 1159 4439 Hertellum
1176 4387 1291 4440 secutus
1311 4387 1362 4439 est.
