3322 5302
871 457 913 522 74

327 659 399 725 dem
420 660 504 738 belli,
536 660 812 743 peois‚·ioederum
845 661 894 726 ius
927 661 959 725 et
980 660 1143 726 arbitrium
1175 679 1269 743 penes
1300 661 1444 744 populum

327 763 402 828 mut.
447 759 502 828 Gai
522 763 643 828 insulae
664 763 755 830 urbas
777 763 945 846 separatim
969 763 1060 829 alteri
1081 762 1321 830 Atheniensium
1351 764 1446 829 socie-

326 863 386 930 tati
417 865 594 931 maritimae
627 884 660 930 se
692 867 927 950 applicaverunt
960 864 1112 947 )ο.126),
1145 868 1216 949 post
1248 866 1446 932 deiectionem

328 986 359 1035 a.
390 966 454 1031 363
486 986 600 1034 novum
629 968 736 1034 foedus
768 967 942 1034 durioribus
972 987 1066 1052 quam
1099 970 1191 1034 antea
1220 968 1446 1034 condicionibus

326 1069 465 1136 iecerunt
497 1073 590 1154 atque
611 1071 678 1138 iure
700 1072 830 1138 iurando
854 1071 1112 1137 confirmaverunt
1145 1072 1188 1152 (n.
1223 1070 1308 1155 127),
1343 1071 1446 1138 eodem

326 1192 406 1240 anuo
429 1192 499 1239 oum
521 1175 764 1241 Atheniensibus
786 1175 972 1259 pepigerunt
1003 1174 1040 1240 de
1074 1174 1197 1240 rubrica
1227 1175 1288 1240 nisi
1311 1175 1445 1240 Athenas

326 1295 386 1343 non
409 1278 595 1360 exportanda
618 1280 660 1360 (n.
687 1277 762 1360 128)
795 1279 888 1360 atque
922 1297 983 1344 non
1015 1279 1060 1343 ita
1089 1278 1189 1343 multo
1222 1281 1294 1362 post
1314 1279 1388 1344 item
1409 1278 1445 1343 do

326 1380 448 1445 rubrica
470 1383 513 1462 (n.
538 1379 625 1464 129).
669 1380 788 1446 Deinde
803 1381 936 1462 populus
951 1381 1046 1445 etiam
1068 1379 1188 1463 legatos
1210 1383 1243 1446 ot
1258 1398 1329 1446 suos
1344 1381 1446 1446 mitte·

325 1482 381 1548 bat
402 1484 446 1564 (n.
471 1483 509 1544 ii
534 1483 567 1546 et
590 1482 644 1565 13)
679 1484 711 1548 ot
732 1483 798 1547 sine
823 1481 916 1547 dubio
947 1481 1043 1546 otiam
1076 1481 1193 1548 alienos
1223 1480 1385 1558 audiebat;
1414 1482 1445 1546 in

326 1582 579 1649 Cartbaeeosium
601 1585 652 1650 tit.
675 1604 705 1648 n.
731 1585 769 1647 ll
793 1587 1075 1649 commemorentur
1106 1583 1135 1648 ei
1162 1583 1299 1648 σύνδικοι
1322 1583 1350 1647 oi
1372 1585 1445 1647 ἀπο·

328 1685 497 1762 σταλέντες
518 1687 579 1750 ὑπὸ
602 1695 659 1771 τῆς
680 1686 802 1763 πόλεως
823 1686 876 1750 ἐπὶ
897 1688 954 1762 τὰς
976 1684 1077 1762 δίκας.

430 1789 592 1856 Postremo
614 1790 747 1874 populus
770 1790 866 1856 etium
887 1790 1025 1871 praemia
1046 1790 1079 1853 et
1106 1789 1235 1855 bonores
1266 1790 1341 1854 viris
1372 1789 1446 1854 bene

327 1894 365 1957 de
380 1909 413 1957 re
435 1893 560 1976 publica
583 1893 704 1958 meritis
727 1893 831 1970 dabat
855 1911 934 1974 quae
949 1891 1074 1975 quidem
1089 1911 1149 1958 nou
1171 1893 1233 1956 alia
1254 1893 1342 1957 erant
1358 1893 1446 1974 atque

326 1997 357 2061 in
380 1995 451 2061 aliis
473 1997 669 2064 civitatibus:
704 1996 902 2074 collaudatio,
935 1995 1145 2079 pronuntiatio
1178 2014 1307 2062 coronae
1329 2013 1444 2078 ¹aureae

325 2119 381 2184 per
400 2119 583 2184 praeconem
605 2100 762 2184 Dionysiis
783 2100 865 2165 iacta
876 2099 914 2178 ¹),
936 2098 1088 2174 πολιτεία,
1111 2107 1173 2183 γῆς
1204 2100 1367 2162 scalciaco
1399 2097 1446 2162 uel

326 2202 426 2279 οἰκίας
449 2204 612 2289 ἔγκτησις,
645 2202 793 2278 εἴσπλους
823 2205 879 2266 καὶ
902 2202 1040 2279 ἔκπλους
1072 2202 1183 2266 ἀσυλεὶ
1214 2205 1270 2265 καὶ
1300 2201 1444 2265 ἀσπουδεὶ

326 2307 383 2369 καὶ
412 2305 446 2369 ἐν
476 2305 582 2391 εἰρήνῃ
615 2308 671 2368 καὶ
700 2305 735 2370 ἐν
765 2304 907 2390 πολέμῳ,
943 2304 1084 2389 ἀτέλεια,
1117 2305 1268 2389 πρόσοδος
1294 2307 1368 2388 πρὸς
1390 2305 1446 2388 τὴν

326 2407 445 2494 βουλὴν
467 2409 523 2472 καὶ
544 2409 598 2470 τὸν
620 2406 721 2491 δῆμον
742 2405 875 2492 πρώτοις
892 2410 972 2492 μετὰ
988 2410 1028 2470 τὰ
1044 2407 1123 2490 ἱερά,
1148 2405 1313 2491 εὐεργέτου
1328 2424 1445 2482 nomeu,

327 2507 482 2592 προξενία.
530 2509 577 2573 De
599 2509 730 2594 siugulis
761 2509 927 2576 honoribus
959 2510 1165 2592 praemiisque
1198 2527 1259 2574 nou
1293 2508 1445 2591 estquod

277 2613 282 2620 '
326 2611 416 2695 plura
439 2611 559 2678 dicam:
582 2613 656 2678 sunt
670 2612 752 2678 enim
768 2612 942 2679 notissima.
987 2612 1048 2678 Sed
1063 2612 1101 2678 do
1117 2615 1262 2696 proxenia
1277 2612 1343 2677 sola
1358 2611 1446 2694 paulo

326 2713 450 2780 uberius
473 2713 678 2797 disputemus.

429 2817 589 2884 Habemus
621 2819 705 2883 euim
735 2820 859 2902 praeter
890 2817 1063 2902 complures
1085 2817 1194 2882 titulos
1225 2853 1267 2866 -
1297 2815 1446 2899 imprimis

327 2919 548 2987 Carthaeenses
583 2955 628 2968 —
663 2921 718 2986 ubi
752 2923 898 3003 proxenia
933 2921 1103 3004 peregrinis
1137 2919 1319 2999 decernitur,
1353 2918 1446 2984 atium

327 3023 595 3107 (Carthaeensium
625 3024 708 3091 haud
739 3024 845 3108 dubie)
876 3043 1078 3106 proxonorum
1111 3025 1297 3107 catalogum,
1328 3023 1381 3108 qui
1409 3021 1446 3087 ab

328 3127 392 3192 Ulr.
415 3126 580 3206 Koeblero‚
613 3125 679 3192 viro
711 3127 891 3192 doctissimo
913 3128 1005 3209 atque
1027 3125 1081 3194 cei
1103 3125 1224 3191 insulae
1252 3144 1355 3190 rarum
1376 3142 1446 3190 saue

326 3228 522 3310 peritissimo,
547 3228 649 3294 editus
672 3229 765 3312 atque
784 3229 1004 3294 commentario
1019 3227 1265 3293 luculentissimo
1280 3227 1446 3292 instructus

326 3333 374 3398 est
396 3335 441 3413 (n.
465 3331 531 3416 10).
576 3332 624 3397 De
654 3351 857 3416 proxenorum
888 3331 1038 3415 catalogis
1070 3349 1167 3413 nuper
1198 3331 1326 3414 egerunt
1354 3329 1447 3412 Laty·

328 3436 428 3514 scbou,
452 3435 599 3514 Koabler‚
615 3435 832 3518 Monceaux²i.
877 3433 1095 3519 Catalogorum
1110 3434 1236 3500 illorum
1257 3434 1342 3499 vario
1363 3433 1447 3498 erant

325 3555 447 3622 genera,
471 3557 549 3620 quae
570 3537 716 3618 Rustici,
740 3537 980 3622 Latysobevium
1003 3539 1137 3614 secutus,
1167 3536 1284 3620 optime
1307 3536 1351 3602 sic
1371 3535 1445 3601 deii·

429 3777 454 3845 1)
473 3791 497 3832 e.
515 3791 542 3845 g.
559 3775 715 3830 Carthasim
734 3775 770 3845 (11.
789 3773 850 3844 12);
868 3781 1035 3843 στεφανῶσαι
1052 3777 1083 3828 δὲ
1101 3776 1144 3828 καὶ
1158 3777 1253 3846 χρυσῷ
1270 3774 1390 3842 στεφάνῳ
1407 3772 1447 3824 aui

324 3861 518 3934 decisopadoiua
535 3863 580 3916 τὸν
598 3862 728 3929 στέφανον
748 3861 890 3922 Διονυσίοις
904 3866 943 3932 τῷ
959 3863 1048 3931 ἀγῶνι.
1084 3863 1221 3918 Similiter
1236 3863 1267 3916 iii
1285 3861 1386 3916 deteris
1404 3859 1447 3913 ilii·

326 3950 419 4004 oretis.
454 3950 626 4006 «iunctarum
644 3948 788 4004 decretum
818 3964 845 4004 n.
863 3949 898 4004 47
922 3950 1016 4004 solum
1032 3950 1104 4006 baec
1120 3949 1209 4006 verba
1226 3948 1359 4004 exhibet:
1389 3945 1448 3996 ‹iva-

325 4034 485 4102 ropaiiacdat
502 4036 533 4087 δὲ
552 4034 613 4104 [τὸν]
641 4036 770 4102 στέφανον
796 4033 852 4088 κατ’
872 4037 988 4088 ἐνιαυτὸν
1016 4036 1066 4088 ὑπὸ
1091 4034 1141 4105 τ[ο“ι]
1164 4034 1281 4087 Διονύσια
1305 4035 1344 4102 τῷ
1369 4032 1447 4100 ἀγῶνι

325 4123 378 4171 τῶν
395 4119 546 4188 τραγῳδῶν.

428 4204 455 4274 2)
473 4207 651 4276 Laipsohevz
687 4207 759 4262 Buii.
787 4208 830 4264 de.
849 4223 906 4263 eor.
924 4209 990 4264 bell.
1008 4209 1046 4264 vi
1064 4207 1151 4277 (1882)
1170 4223 1195 4276 p.
1213 4206 1266 4262 580
1283 4219 1342 4272 sq.;
1358 4203 1447 4259 Κουλ-

325 4293 376 4357 ier,
393 4293 483 4348 man
502 4295 528 4349 d.
555 4295 622 4350 inst.
650 4295 689 4350 lX
708 4295 797 4364 (1884)
822 4310 849 4364 p.
867 4296 918 4350 271
937 4309 978 4363 sq.
1006 4297 1036 4350 et
1052 4297 1110 4350 not
1134 4297 1169 4359 2;
1195 4293 1369 4348 liencoaux:
1395 4291 1448 4346 bas

325 4379 480 4446 proxeuiae
497 4393 643 4448 grecquee,
662 4379 743 4436 Paris
762 4381 831 4436 iseo
847 4395 874 4448 p.
892 4382 927 4436 50
944 4395 985 4450 sq.
1004 4384 1033 4436 et
1050 4396 1076 4450 p.
1095 4381 1154 4436 iao.
