3322 5302
885 503 931 567 66

347 722 434 776 sotor
457 713 497 794 (Β
521 709 588 793 52).
631 709 702 774 135
734 707 892 774 Halbhorr
913 707 1071 790 supplerit
1092 708 1133 770 τὰ
1154 705 1195 792 ἐμ
1216 703 1470 790 Μετά[’λλοις1];

347 815 597 900 supplementum
615 811 708 894 ¹illuri
737 810 862 894 quidem
892 811 1056 887 incertum,
1080 808 1136 874 sod
1158 825 1218 874 non
1242 809 1309 875 sine
1331 809 1471 876 venosus

306 987 310 1002 p
347 918 449 1000 specie
471 917 529 994 ast,
562 933 636 980 nam
666 915 698 978 in
723 913 826 979 insula
847 912 908 979 Ceo
941 913 1042 978 multa
1074 913 1164 978 erant
1193 911 1379 994 mctalla¹):
1410 911 1472 978 looi

346 1020 431 1085 illius
453 1036 564 1086 nomen
588 1035 662 1100 ergo
684 1015 853 1081 Μὲταλλον
876 1015 927 1082 rel
947 1014 1103 1080 Μέταλλα
1125 1015 1222 1080 fuisso
1245 1015 1357 1098 potest.

449 1123 612 1204 ligavero
646 1120 711 1186 iem
743 1119 914 1198 videamus,
946 1119 1022 1201 qnid
1055 1117 1116 1185 sibi
1138 1117 1237 1184 velint
1257 1118 1314 1183 illu
1336 1117 1471 1183 nomina.

351 1224 503 1290 llalbhorr
522 1225 607 1289 reete
630 1223 862 1299 animadvortit,
885 1221 1014 1287 nomina
1035 1220 1161 1306 Κύπρος
1183 1221 1215 1286 et
1235 1219 1472 1306 Προβαλινθοὺς

346 1345 514 1410 congruere
536 1343 607 1390 oum
628 1343 781 1408 pagorum
796 1325 972 1390 Atticorum
994 1323 1225 1406 nominibus²);
1248 1322 1345 1388 auam
1360 1341 1472 1388 nomon

345 1428 500 1515 Φηγῶνες
531 1428 605 1511 pagi
627 1428 728 1492 Attici
759 1427 878 1492 nomini
909 1427 1012 1492 simile
1033 1425 1130 1510 est³).
1174 1425 1237 1492 Sed
1258 1425 1414 1491 Halbherr
1435 1445 1472 1492 ea

345 1532 425 1597 nihil
457 1531 543 1596 aliud
576 1529 638 1594 nisi
659 1530 797 1595 locorum
820 1529 946 1594 nomina
967 1547 1035 1595 esso
1057 1529 1143 1608 dixit,
1167 1545 1262 1611 quam
1284 1528 1472 1596 sententiam

346 1635 475 1700 minime
497 1652 602 1699 veram
635 1653 703 1699 esee
735 1651 852 1700 censeo.
897 1633 943 1698 lix
964 1634 1125 1698 nominum
1147 1633 1231 1698 enlm
1253 1631 1376 1697 illorum
1399 1649 1471 1696 oum

346 1737 444 1803 demis
467 1737 583 1802 Atticis
606 1755 756 1802 consensu
779 1754 902 1801 neeesse
925 1737 974 1802 est
995 1734 1272 1814 concluderemus
1292 1734 1350 1800 illa
1372 1734 1471 1800 demis

345 1841 460 1906 Atticis
483 1839 588 1922 aliqua
608 1839 728 1904 ratione
748 1839 955 1922 respondisse.
1000 1832 1207 1904 Confirmutur
1237 1839 1343 1903 autem
1365 1839 1472 1902 nostra

345 1943 384 2007 de
418 1941 594 2007 nominibus
628 1942 690 2006 illis
723 1943 886 2020 sententia,
916 1943 945 2008 si
966 1942 1131 2008 nonnullos
1154 1942 1286 2007 aliarum
1307 1940 1470 2006 usitatum

344 2045 455 2111 titulos
477 2045 655 2110 consimiles
678 2045 871 2110 adhibemus.
916 2045 1146 2110 Enumerantur
1166 2043 1293 2126 quidem
1319 2044 1353 2108 iu
1375 2043 1470 2108 Teni-

344 2167 432 2214 orum
455 2148 590 2231 quodum
611 2149 713 2227 titulo,
729 2167 821 2231 quem
844 2148 975 2214 Neston
998 2167 1095 2231 nuper
1116 2149 1215 2214 denuo
1237 2147 1470 2231 1111111111-

343 2251 444 2318 multa
465 2270 617 2336 pagorum
638 2253 773 2317 uomina.
799 2252 885 2330 „Tho
906 2253 1003 2329 toxt“,
1016 2252 1119 2336 inquit
1141 2251 1283 2330 Neston,
1308 2250 1470 2330 „contains

344 2374 364 2420 a
385 2354 526 2438 regimur,
550 2352 731 2438 ἀναγραφή,
755 2353 791 2418 of
820 2353 902 2420 salos
933 2353 969 2419 of
996 2353 1071 2418 laud
1101 2353 1162 2418 and
1183 2352 1304 2431 houses,
1328 2352 1472 2434 together

346 2457 430 2532 with,
453 2459 486 2521 in
520 2475 723 2536 sennonteus,
746 2457 828 2522 farm
862 2456 950 2524 stoclr
972 2455 1033 2522 and
1066 2456 1228 2522 furniture.
1272 2456 1359 2525 anh
1381 2455 1471 2540 entry

344 2559 442 2622 states
463 2558 518 2624 the
540 2558 629 2623 dome
651 2577 685 2624 or
708 2558 798 2624 other
821 2559 909 2642 place
931 2560 964 2624 in
986 2559 1087 2626 which
1108 2560 1163 2625 the
1185 2561 1330 2644 property
1352 2558 1470 2626 soldis

344 2660 480 2726 situated
501 2662 581 2726 oto.“
626 2661 784 2746 Pagorum
805 2663 932 2728 illorum
955 2665 1082 2728 nomina
1103 2664 1383 2730 commemorantur
1404 2665 1468 2729 sic:

344 2764 385 2826 τὰ
407 2762 440 2827 ἐν
463 2761 653 2848 Ἐλαιοῦντι,
686 2751 864 2849 Βαλάνείῳ,
889 2764 1050 2852 mucosis,
1083 2763 1251 2851 Πανόρμῳ,
1275 2765 1386 2852 Mults
1408 2766 1469 2834 otc.

343 2865 480 2932 Nomina
502 2868 543 2930 τὰ
565 2867 599 2931 ἐν
620 2866 888 2954 Προβαλινθοῦντι
920 2868 1024 2952 (Coos)
1059 2870 1151 2952 atquo
1173 2872 1215 2934 τὰ
1236 2870 1271 2935 ἐν
1292 2869 1469 2934 Ἐλαιοῦντι

344 2968 484 3050 (Tenos),
507 2967 603 3052 Ἱερὸς
624 2969 730 3056 Λιμὴν
746 2972 851 3053 (Coos)
867 2973 960 3054 atque
976 2971 1124 3058 Arptracn
1147 2973 1275 3057 (Tenos)
1298 2975 1357 3038 otc.
1380 2973 1471 3037 simi-

343 3069 416 3134 litor
438 3090 505 3137 essa
528 3071 716 3154 explicanda,
741 3073 810 3155 quis
832 3074 881 3138 est
903 3075 978 3157 quin
999 3075 1156 3140 concodat.
1194 3075 1374 3160 Comparari
1395 3095 1469 3159 pon-

344 3173 417 3237 sunt
438 3176 599 3255 praeterea
620 3175 811 3241 Rhodiorum
834 3177 959 3242 otoenae
972 3177 1008 3258 ις1,
1033 3197 1165 3261 querum
1187 3179 1312 3244 nomina
1333 3179 1470 3246 Momm-

344 3295 397 3342 sen
431 3279 498 3342 iure
531 3297 567 3342 er
599 3279 676 3344 locis
701 3279 795 3344 ducta
817 3299 884 3347 osso
906 3281 1031 3364 disit‘t.
1075 3282 1124 3346 Ne
1146 3283 1265 3348 multa:
1288 3283 1414 3349 nomina
1435 3284 1469 3347 in

343 3379 435 3446 titulo
467 3379 523 3445 illo
555 3380 624 3460 Ceo,
650 3383 843 3447 documentis
876 3402 951 3448 usus
981 3384 1056 3463 illis,
1081 3402 1232 3467 pagorum
1254 3385 1380 3450 nomina
1401 3405 1470 3451 esse

341 3501 462 3549 censeo.
507 3484 554 3549 Dc
587 3503 739 3568 pagorum
770 3486 897 3550 illorum
931 3487 995 3552 situ
1026 3486 1106 3552 nihil
1136 3487 1277 3569 sompno
1300 3488 1383 3553 certo
1406 3487 1470 3554 dici

446 3754 472 3823 1)
491 3755 525 3809 of.
544 3770 570 3823 p.
590 3757 604 3810 1
623 3771 665 3824 sq.
684 3760 713 3812 et
731 3757 796 3826 Cep.
814 3759 884 3826 1115
903 3756 927 3812 5.

444 3840 471 3906 2)
493 3835 598 3908 Κάπρος
613 3841 704 3896 tribus
721 3839 934 3909 Ἱπποθωντίδος,
953 3841 1141 3912 Προβάλινθος
1155 3845 1246 3900 tribus
1266 3843 1439 3906 Πανδιονίδος.

444 3924 472 3993 3)
492 3921 596 3994 ilorci<
622 3928 714 3982 tribus
744 3923 919 3998 Ἐρεχθηΐδος
945 3929 993 3984 vel
1023 3925 1126 3998 Φηγαία
1162 3931 1289 3986 tribuum
1324 3928 1469 3999 Αἰαντίδος,

342 4005 471 4077 Αἰγηΐδος,
492 4005 665 4070 Πανδιονίδος.

444 4096 472 4162 4)
489 4095 614 4159 Boeokh‚
633 4097 661 4150 0.
680 4099 699 4152 I.
719 4098 766 4152 Gr.
786 4099 854 4154 lln.
872 4101 958 4165 2338;
986 4101 1115 4166 Newton,
1142 4102 1210 4157 Ano.
1228 4103 1317 4170 greek
1334 4103 1418 4157 lusor.
1436 4104 1470 4158 in

341 4180 391 4234 the
416 4181 486 4235 Brit.
514 4181 583 4237 llus.
602 4183 626 4236 ll
644 4197 671 4238 n.
689 4183 741 4238 377
764 4199 790 4252 p.
809 4185 860 4239 147
878 4200 937 4253 sq.;
962 4187 1083 4242 Dareste
1102 4217 1134 4226 -
1152 4187 1348 4242 Haussoullier
1366 4215 1397 4228 —
1416 4187 1468 4242 uh.

341 4266 475 4331 Reiuaoh‚
494 4267 608 4323 Reoueil
627 4270 653 4324 el.
671 4271 755 4324 inser.
770 4270 827 4339 jur.
845 4286 950 4339 greco,
968 4272 980 4325 I
997 4271 1078 4327 Paris
1097 4273 1172 4337 1891,
1196 4287 1224 4327 n.
1242 4273 1293 4328 Vll
1308 4287 1335 4342 p.
1354 4275 1389 4328 63
1407 4287 1449 4341 sq.

442 4351 469 4420 5)
488 4353 532 4407 De
551 4355 659 4409 otoenis
678 4356 712 4410 of.
729 4369 815 4423 supra
832 4370 858 4424 p.
877 4357 912 4410 63
930 4357 988 4411 not.
1007 4357 1032 4410 2.

443 4438 469 4507 o)
486 4440 523 4492 or.
542 4440 612 4508 nug.
631 4441 794 4506 mommsen,
813 4442 895 4496 Burs.
913 4443 977 4497 ons.
996 4443 1031 4497 oo
1049 4444 1137 4513 (reso)
1155 4417 1249 4512 ptus
1267 4459 1309 4512 sq.
