3336 5314
369 1425 441 1557 ll.
510 1421 601 1558 nn
643 1422 855 1558 insulae
899 1423 1146 1557 historia.

708 1660 812 1670 --—

430 1782 463 1851 1.
487 1780 721 1864 Tempora
744 1777 1093 1864 anuqurssrma.

303 1934 338 1998 ln
361 1933 600 2000 Atheniensium
621 1931 809 2016 reipublicae
832 1932 922 1997 rebus
946 1929 1154 1996 describendis
1177 1934 1229 2014 qui
1252 1950 1322 2000 ver·

199 2037 308 2102 santur
329 2035 429 2101 multo
452 2035 581 2102 mebore
604 2036 735 2101 utuntur
757 2034 892 2112 fortuna,
907 2051 1000 2115 quam
1023 2033 1075 2114 qui
1090 2033 1170 2099 alius
1186 2033 1323 2100 civitatis

199 2137 382 2221 praesertim
404 2137 531 2221 exiguae
553 2137 673 2202 insulae
689 2155 738 2200 res
754 2119 993 2218 perscrutandas
1009 2135 1069 2200 sibi
1084 2135 1322 2218 proposuerint:

199 2259 272 2306 nam
294 2240 415 2323 praeter
443 2238 701 2304 innumerabilem
735 2239 798 2304 fere
820 2237 984 2304 titulorum
1006 2255 1182 2316 numemm
1201 2239 1325 2320 praeter

198 2344 354 2427 permulta
380 2343 526 2409 ‘veterum
558 2341 744 2424 scriptorum
765 2341 946 2406 testimonia
968 2339 1005 2404 de
1028 2339 1200 2422 Republiea
1221 2339 1323 2405 Athe-

198 2446 353 2512 niensium
375 2445 551 2529 nuperrime
566 2445 711 2510 inventus
727 2444 775 2509 est
790 2443 1031 2509 commentarius
1047 2441 1323 2525 praeclarissimus,

199 2551 252 2632 qui
274 2550 348 2631 quin
370 2549 409 2614 ab
432 2548 602 2614 Aristotele
626 2547 760 2630 scriptus
783 2547 907 2612 sitnon
930 2546 978 2610 est
1001 2545 1083 2628 quod
1105 2544 1294 2614 dubitemus.

301 2651 504 2718 Aristotelem
526 2651 620 2716 etiam
644 2649 681 2715 de
714 2648 768 2716 Cei
797 2649 917 2714 insulae
947 2649 1043 2714 ,rebus
1074 2647 1216 2714 libellum
1248 2665 1324 2714 eon-

200 2753 360 2836 soripsisse
383 2753 513 2834 constat,
547 2752 601 2818 sed
623 2756 746 2835 praeter
767 2751 917 2834 pusillum
940 2751 1151 2836 fragmentum
1172 2750 1252 2815 nihil
1286 2751 1325 2816 de

199 2855 306 2922 hbeho
335 2855 391 2922 illo
423 2856 579 2922 serratum
612 2857 669 2922 est.
724 2853 855 2938 Sopater
892 2855 976 2920 enim
1011 2853 1131 2939 (Photl
1154 2855 1221 2920 aod.
1246 2852 1323 2934 161)

198 2959 281 3026 inter
302 2958 403 3026 fontes
425 2959 498 3025 libri
520 2957 583 3024 Xll
605 2978 638 3026 se
661 2958 842 3026 Aristotelis
865 2956 1026 3022 πολιτείαν
1049 2955 1153 3024 Κείων
1178 2957 1323 3024 habuisse

200 3062 296 3129 dicit:
321 3081 393 3128 nam
415 3062 497 3146 quod
518 3061 605 3128 Κίων
627 3063 779 3146 seriptum
801 3061 858 3140 est
881 3060 914 3126 id
935 3059 1100 3126 manifesto
1123 3078 1160 3125 ex
1177 3057 1323 3140 „Keler“

199 3166 377 3250 corruptum
399 3167 448 3231 est
461 3165 499 3250 ¹).
544 3165 766 3250 Fragmentum
787 3164 876 3244 illud,
910 3162 993 3248 quod
1014 3163 1094 3228 Ross
1115 3163 1138 3228 l.
1161 3163 1183 3228 l.
1206 3162 1323 3243 attulit,

200 3269 317 3334 nullius
340 3269 388 3334 est
409 3269 569 3348 momenti,
601 3287 673 3334 oum
696 3287 746 3334 res
769 3267 807 3333 ‹le
830 3267 974 3333 Aristaeo
996 3266 1201 3350 nymphisque
1223 3267 1323 3332 notis-

200 3370 296 3437 simas
319 3371 525 3455 contineat2).
569 3371 678 3452 Itaque
702 3369 863 3436 deficiente
899 3368 976 3434 duce
1007 3368 1062 3433 illo
1095 3368 1325 3451 spectatissimo

200 3473 263 3556 ipsi
285 3473 341 3540 Cei
361 3473 484 3540 insulae
505 3473 669 3540 historiam
691 3492 728 3538 ex
750 3473 859 3556 paucis
881 3472 1045 3538 titulorum
1068 3471 1326 3556 paucioribusque

200 3578 340 3643 veterum
363 3576 546 3661 sor-iptorum
568 3575 655 3656 loeis,
689 3575 790 3660 quoad
812 3575 880 3640 fieri
901 3575 1014 3658 potest,
1047 3573 1209 3641 restituere
1232 3591 1326 3640 eona·

202 3679 314 3746 bimur.

305 3781 365 3849 Sed
387 3782 568 3866 priusquam
590 3781 628 3848 ad
651 3799 717 3848 rem
739 3782 839 3865 ipsam
862 3780 1018 3862 acaedam,
1050 3780 1108 3848 hoo
1139 3798 1236 3845 unum
1259 3799 1327 3846 mo·
1356 3838 1360 3842 .

306 4003 332 4072 1)
352 4005 385 4059 of.
404 4004 487 4068 Ruso,
506 4005 622 4060 Aristot.
640 4003 822 4072 Pseudepigr.
841 4017 867 4070 p.
886 4003 937 4056 477
955 4002 1008 4070 frg.
1028 4002 1079 4056 126
1097 3999 1177 4070 (loe).
1271 4023 1283 4043 ·

305 4089 332 4160 2)
349 4090 526 4145 Broendsted
543 4091 647 4144 mirum
664 4091 694 4144 in
712 4091 827 4144 modum
845 4104 871 4158 p.
889 4091 923 4144 57
942 4103 983 4156 sq.
1002 4089 1192 4156 fragmentum
1211 4103 1249 4142 ex
1266 4087 1328 4142 hri·

202 4175 313 4230 stotelis
331 4170 434 4227 Κιανῶν
462 4175 580 4244 πολιτείᾳ
608 4175 700 4242 (Rose,
727 4176 745 4229 l.
764 4176 781 4229 l.
800 4189 826 4242 p.
844 4175 895 4229 479
915 4175 967 4242 frg.
987 4175 1037 4228 129
1056 4173 1144 4242 (466);
1171 4173 1278 4237 Mulier,
1296 4173 1328 4227 F.

201 4262 233 4315 H.
253 4261 286 4316 G.
305 4262 329 4316 ll
347 4276 373 4330 p.
393 4261 452 4325 161,
470 4261 522 4328 ug.
542 4258 602 4328 187)
621 4260 657 4314 ad
669 4259 789 4315 Oeorum
807 4260 939 4312 πολιτείαν
951 4259 1094 4328 pertinere
1106 4259 1235 4327 putavit:
1254 4258 1329 4326 quod

202 4347 386 4403 falsissimum
405 4361 470 4402 esse
487 4347 576 4402 totius
594 4346 747 4414 fragmenti
766 4347 963 4414 argumentum
982 4346 1072 4410 (louet,
1096 4345 1130 4400 ef.
1148 4345 1271 4410 Boeolrb,
1290 4345 1330 4398 lrl.

206 4432 284 4488 Sobr.
302 4433 352 4488 Vll
369 4447 395 4501 p.
413 4433 474 4488 344.
