3322 5302
864 476 908 540 72

318 700 351 747 ιι.
372 677 415 742 23
445 680 488 757 (v.
513 678 530 741 l
554 677 586 743 et
606 679 760 761 imprimis
782 699 812 744 v.
834 679 869 762 6)
881 679 906 762 ¹)
939 677 993 744 Oai
1022 677 1143 744 insulae
1174 677 1266 744 urbes
1297 679 1442 746 senatum

318 781 504 865 comitiaque
536 781 681 848 habuisse
715 782 908 848 communis:
947 783 1054 865 itaque
1091 783 1217 848 senatus
1250 783 1441 866 populusque

245 925 247 929 >
318 885 508 968 temporibus
530 885 595 950 illis
616 904 671 967 per
693 883 885 971 ψηφίσματα
906 903 1013 951 omncs
1035 884 1119 951 haud
1133 883 1227 951 dubie
1242 903 1291 950 res
1307 884 1347 949 ud
1360 903 1443 950 rem-

317 987 474 1072 publicam
496 986 776 1054 administrandam
798 989 988 1072 pertineutes
1010 987 1148 1054 curabat.
1179 988 1226 1052 Ex
1246 987 1350 1054 titulis
1365 990 1441 1053 baec

318 1091 464 1174 colligere
487 1109 671 1174 possumus:
692 1091 829 1156 universi
850 1089 905 1156 cei
920 1091 1124 1156 communiter
1145 1090 1270 1156 foedera
1285 1109 1356 1155 cum
1370 1090 1440 1156 uliia

318 1192 496 1258 ciuitatibus
519 1192 683 1272 iaciebant,
705 1191 827 1276 legatos
849 1193 881 1258 iu
904 1193 1099 1258 contionibus
1119 1191 1265 1258 creabunt
1286 1195 1378 1276 utque
1401 1193 1441 1259 ad

318 1295 396 1360 alias
419 1295 560 1360 civitates
582 1295 750 1361 mittebant
770 1296 907 1379 itemque
933 1296 1054 1380 legatos
1078 1295 1117 1361 ab
1139 1296 1252 1362 exteris
1275 1295 1387 1362 missos
1408 1297 1441 1360 iu

318 1399 428 1464 senatu
450 1397 645 1480 comitiisque
667 1397 861 1481 excipiebant
872 1397 908 1483 ²),
930 1400 1086 1482 postremo
1109 1398 1206 1464 etium
1220 1399 1322 1464 rerios
1343 1398 1441 1464 hono·

317 1519 368 1566 res
397 1499 585 1577 tribuebant,
608 1501 691 1566 sicut
722 1498 883 1574 πολιτείαν
913 1501 951 1586 ἐγ
984 1499 1058 1584 Κέῳ
1092 1502 1148 1564 καὶ
1168 1509 1229 1585 γῆς
1263 1502 1319 1565 καὶ
1341 1498 1442 1576 οἰκίας
1525 1531 1537 1542 ·

317 1601 484 1687 ἔγκτηοιν,
508 1603 649 1666 καὶτῶν
671 1601 778 1668 ἄλλων
800 1601 945 1688 μετέχειν
966 1603 1080 1679 αὐτοὺς
1109 1602 1235 1668 πάντων
1256 1603 1364 1688 ὢμπερ
1386 1605 1441 1668 καὶ

317 1702 408 1768 Κεῖοι
432 1702 601 1788 μετέχουσι
622 1724 653 1770 n.
678 1703 720 1767 23
742 1724 773 1770 r.
795 1705 815 1768 7
837 1725 884 1788 sq.
929 1704 1072 1772 Ceterum
1094 1725 1131 1770 ex
1152 1706 1254 1772 uerbis
1282 1703 1441 1770 πολιτείαν

320 1806 357 1890 ἐγ
379 1805 454 1891 Κέῳ
476 1807 622 1890 colligere
655 1826 820 1890 possumus
843 1809 1002 1874 civitatem
1026 1807 1095 1876 Cois
1117 1808 1213 1876 fuisse
1236 1827 1441 1874 communem.

318 1909 366 1974 De
388 1910 524 1976 nummis
547 1910 587 1977 ud
608 1910 712 1976 κοινὸν
733 1912 813 1977 illud
835 1912 1063 1995 pertinentibus
1085 1931 1179 1996 supra
1200 1932 1232 1995 p.
1251 1911 1293 1976 45
1315 1912 1440 1978 uberius

318 2012 484 2096 disputari.

419 2115 466 2181 De
496 2117 589 2183 rebus
622 2119 766 2196 externis,
799 2118 953 2200 quomodo
976 2117 1226 2202 sympolitiarum
1248 2117 1440 2198 temporibus
1517 2170 1524 2178 .

318 2217 552 2286 administratae
575 2221 650 2300 sint,
667 2221 744 2286 satis
766 2221 885 2286 dictum
899 2240 966 2287 csse
981 2221 1124 2287 arbitror.
1146 2219 1201 2287 (tei
1214 2220 1333 2286 insulse
1349 2219 1439 2284 urbes

316 2321 508 2404 temporibus
530 2321 595 2387 illis
616 2322 649 2388 in
681 2323 773 2388 rebus
805 2322 982 2388 domesticis
1016 2326 1063 2388 sui
1100 2325 1177 2389 iuris
1213 2322 1309 2390 fuisso
1346 2339 1441 2402 supra

318 2421 403 2500 dixi;
432 2423 544 2506 quibus
567 2424 605 2490 de
627 2425 720 2489 rebus
743 2445 779 2490 ex
799 2425 901 2490 titulis
925 2427 1064 2508 (propter
1086 2425 1231 2509 exiguum
1253 2441 1360 2490 eorum
1380 2441 1440 2486 nu-

319 2524 453 2607 merum)
476 2525 554 2591 uihil
577 2526 640 2592 iere
663 2526 807 2609 colligare
829 2545 1004 2610 possumus.
1027 2528 1097 2594 Duo
1112 2527 1294 2610 praesertim
1318 2526 1440 2591 emtant

166 2580 173 2590 -
317 2625 405 2692 tituli
428 2630 471 2707 (n.
487 2627 530 2691 34
552 2629 742 2696 dulietarum
763 2629 813 2696 lex
835 2629 971 2696 funebris
995 2632 1028 2696 ct
1048 2651 1079 2697 n.
1093 2630 1136 2694 69
1158 2629 1369 2696 Poiessiorum
1390 2628 1441 2692 lex

318 2728 357 2795 do
378 2728 544 2796 fundorum
568 2732 763 2814 publicorum
785 2733 965 2818 locatione),
989 2734 1159 2817 exquibus
1183 2735 1320 2818 apparet,
1350 2731 1442 2798 urbes

316 2831 389 2898 illas
410 2852 459 2898 res
482 2852 554 2900 suas
577 2835 763 2902 domesticas
786 2837 879 2902 variis
902 2838 1024 2922 legibus
1046 2836 1302 2915 administrasser
1326 2837 1381 2902 ssd
1402 2835 1441 2902 de

315 2934 437 3018 legibus
458 2937 525 3002 illie
547 2938 629 3004 infru
650 2937 774 3005 uberius
796 2939 1019 3022 disputandum
1040 2941 1110 3006 erit.

418 3038 492 3104 Jam
514 3058 587 3104 vero
609 3040 780 3120 videamur,
803 3061 882 3124 quae
904 3042 999 3110 fuerit
1020 3043 1066 3108 IV
1087 3061 1116 3108 a.
1140 3042 1211 3110 Chr.
1227 3042 1354 3108 suecia
1376 3042 1441 3106 sin·

315 3138 398 3222 gulis
421 3139 476 3207 Cei
497 3142 617 3210 insulae
639 3145 762 3227 oppidis
792 3147 920 3212 senatus
952 3129 1119 3230 populique
1149 3146 1180 3212 in
1212 3145 1304 3212 robus
1337 3148 1369 3210 ot
1389 3163 1441 3210 ex·

316 3241 412 3306 tomis
434 3243 466 3308 et
489 3242 668 3312 domesticis
690 3235 942 3314 administrandis
963 3249 1044 3314 ratio
1065 3248 1099 3312 et
1116 3247 1266 3314 condicio.
1310 3245 1441 3332 Sympo-

195 3330 209 3354 ’
316 3343 418 3412 litium
439 3346 538 3427 illam,
562 3369 655 3434 quarn
677 3351 975 3436 diximus‘primem,
1007 3353 1052 3418 IV
1074 3372 1102 3418 a.
1134 3351 1207 3418 (thr.
1238 3369 1318 3418 saec.
1341 3350 1441 3418 disac-

315 3447 416 3514 lutum
437 3469 505 3517 esse
526 3471 620 3536 supra
641 3453 775 3520 vidimus
798 3456 843 3540 (p.
865 3455 909 3518 34
930 3459 1001 3538 sq).
1046 3455 1206 3520 invenitur
1220 3473 1294 3520 sune
1316 3453 1445 3536 quidem

315 3551 472 3618 interdum
494 3555 527 3619 in
547 3555 579 3621 h.
600 3557 660 3622 cet.
691 3557 794 3623 titulis
824 3575 937 3623 nomen
959 3557 1050 3622 Κεῖοι
1060 3557 1097 3641 ⁸),
1129 3557 1183 3622 sed
1213 3556 1246 3622 id
1277 3555 1440 3624 brevitate

316 3673 410 3720 causa
430 3656 547 3722 factum
570 3677 637 3726 esse
660 3678 788 3738 censeo;
812 3661 899 3726 nulla
919 3662 1002 3726 enim
1021 3661 1178 3727 societatis
1201 3660 1363 3726 cuiusdam
1386 3678 1440 3724 ue-

316 3757 411 3838 stigio
432 3761 565 3827 exstant.
588 3761 657 3828 Illis
679 3782 751 3828 vero
773 3763 965 3847 temporibus
988 3763 1042 3830 Cei
1062 3764 1183 3831 insulae
1203 3764 1294 3830 urbes
1316 3763 1349 3830 in
1371 3781 1439 3828 om·

419 4049 444 4116 1)
462 4064 489 4104 n.
508 4051 542 4104 23
560 4063 588 4103 v.
606 4050 623 4104 6
641 4049 769 4120 δεδόχθαι
786 4046 871 4102 Ιιέίων
888 4055 922 4121 τῇ
939 4051 1027 4121 βουλῇ
1044 4051 1141 4120 καὶτῷ
1159 4050 1246 4120 dq'uqu,
1266 4063 1294 4104 v.
1313 4051 1328 4105 l
1347 4047 1440 4111 ἔδοξεν

316 4132 454 4204 τῇβουλῇ
472 4135 569 4203 καὶτῷ
587 4135 699 4204 δήμῳ..

418 4218 446 4288 2)
465 4221 499 4274 oi
518 4221 606 4276 οτίιιιιι
621 4221 815 4278 Pcioeelcrum
836 4223 880 4276 tit.
899 4237 926 4276 n.
945 4224 979 4278 72
995 4223 1026 4278 B.

419 4305 446 4374 3)
466 4309 499 4361 oi
518 4322 546 4362 n.
564 4309 622 4372 129,
641 4323 669 4363 a.
689 4310 748 4374 127,
772 4309 826 4364 sed
852 4310 883 4364 in
909 4309 1011 4364 eodem
1036 4310 1119 4364 titulo
1137 4324 1165 4364 n.
1185 4309 1235 4364 127
1253 4307 1302 4364 Oai
1330 4309 1441 4365 insulae

315 4392 401 4446 urbes
420 4394 534 4448 omnino
552 4395 597 4448 sui
614 4395 684 4449 iuris
703 4396 776 4449 sunt.
