3298 5304
880 477 942 542 124

344 682 449 747 insula
471 681 532 748 Ceo
555 681 655 747 lentos
677 681 830 746 debitores
854 681 1031 764 sescuplum
1061 680 1231 766 (ripaticos)
1262 680 1396 762 pendere
1421 680 1474 746 de·

345 786 460 864 buisse,
484 805 578 869 supra
600 785 691 850 docui
713 786 757 867 (p.
783 785 876 868 nol:
921 786 1059 850 ceterum
1080 785 1112 849 in
1135 785 1230 850 titulo
1250 784 1309 850 hoc
1331 803 1403 850 cnm
1427 803 1475 849 se·

347 889 490 972 scuplnm
513 889 622 967 exstet,
645 888 814 954 multarum
838 887 966 952 illerum
988 889 1118 952 minima
1149 887 1305 966 drachma,
1339 888 1475 952 maxima

345 990 390 1058 90
411 991 575 1058 drachmae
597 991 693 1056 tuisse
715 991 839 1056 videtur
850 989 886 1072 ¹).
931 991 1055 1056 horarii
1076 990 1231 1056 debitores
1245 989 1348 1072 quoad
1369 991 1476 1058 debita

347 1093 513 1158 solvissent
535 1094 722 1174 temporaria
743 1093 826 1158 haud
848 1092 940 1158 dubie
956 1092 1070 1158 adfecti
1085 1094 1172 1158 amnt
1186 1091 1315 1178 ἀτιμίῃ
1337 1095 1475 1176 praeter-

348 1216 385 1262 ea
405 1197 508 1262 uariae
530 1198 679 1278 pecuniae
702 1199 756 1262 aut
778 1201 818 1262 ab
841 1198 947 1261 actore
969 1198 1024 1261 aut
1046 1197 1085 1260 ah
1101 1198 1231 1278 utroque
1246 1197 1393 1280 litigante
1410 1197 1475 1262 siue

347 1299 442 1366 dubio
465 1300 705 1384 deponebantur,
731 1300 785 1366 sed
808 1299 887 1364 nihil
909 1318 946 1364 ex
966 1299 1069 1364 titulis
1093 1299 1191 1364 dehis
1207 1301 1298 1365 rebus
1314 1299 1474 1365 discimus.

451 1404 503 1482 Hi,
526 1423 604 1486 quos
625 1403 726 1468 adhuc
748 1403 936 1481 enumeravi,
969 1403 1116 1468 ordinarii
1147 1405 1234 1468 eraut
1263 1404 1474 1486 reipublicae

347 1505 476 1570 reditus.
528 1505 578 1569 Ad
612 1504 781 1570 ordinarios
812 1522 864 1569 eos
895 1504 1013 1570 reditus
1043 1505 1198 1586 pertinent
1230 1505 1325 1570 etiam
1360 1505 1473 1570 civium

347 1607 630 1690 inquilinorumqne
667 1625 796 1672 munera
828 1606 997 1689 quaedam,
1034 1626 1113 1690 quae
1147 1607 1293 1691 liturgiae
1325 1610 1475 1674 vocantur

350 1709 677 1794 (λειτουργίαι).
704 1709 841 1790 Quarum
856 1711 1055 1794 liturgiarum
1077 1710 1271 1775 nobilissima
1291 1711 1360 1776 crat
1383 1731 1473 1796 χορ·

349 1813 465 1899 ηγία.
514 1815 548 1879 ln
571 1814 826 1880 Carthaeonsium
854 1815 907 1879 tit.
930 1833 960 1879 n.
986 1815 1026 1878 14
1048 1815 1130 1879 inter
1152 1814 1229 1879 alios
1255 1813 1472 1898 mam'rtratus,

349 1917 403 1999 qui
434 1935 577 1983 coronam
600 1917 741 2000 Apollini
774 1917 927 1994 dedicant,
961 1918 1178 1982 enumerantur
1211 1917 1306 1981 etiam
1339 1915 1474 1998 choragi.

348 2019 510 2100 Boechh²l
534 2039 713 2086 coronarum
735 2019 861 2084 illarum
884 2021 1028 2085 naturam
1052 2038 1111 2084 non
1135 2019 1218 2084 recte
1241 2017 1384 2084 definivit
1406 2037 1472 2083 cnm

347 2123 489 2206 scripsit:
513 2124 585 2202 „ein
607 2123 821 2189 Veraeichniss
844 2122 898 2188 der
913 2123 1086 2188 Kranae-
1109 2121 1158 2188 die
1174 2122 1219 2187 sie
1233 2122 1283 2187 hci
1295 2121 1352 2186 den
1370 2121 1473 2186 lleier·

347 2224 516 2292 lichhciten
539 2227 686 2310 getragen
708 2227 847 2291 hatten.“
893 2225 993 2308 Supra
1024 2227 1104 2290 enim
1139 2225 1229 2290 docui
1261 2226 1305 2307 (p.
1327 2223 1386 2308 87)
1411 2224 1472 2288 sin·

346 2328 422 2411 gula
443 2329 684 2412 magistratuum
707 2329 839 2413 collegia
869 2347 964 2393 unam
996 2327 1154 2394 dedicasse
1184 2345 1339 2406 coronam,
1364 2325 1473 2393 deinde

347 2430 398 2495 Ab
420 2449 450 2494 ν.
473 2429 516 2492 34
539 2449 584 2512 sq.
608 2429 743 2496 dilucide
778 2433 826 2494 cst
856 2431 1007 2513 scriptum
1040 2430 1086 2513 (id
1118 2429 1200 2512 qnod
1230 2429 1388 2494 Halbherr
1409 2430 1472 2493 iure

347 2530 599 2615 animadvertit):
624 2531 641 2596 ὁ
663 2531 751 2596 δεῖνα
772 2530 959 2618 χορηγήσας
981 2535 1087 2596 παισὶν
1118 2533 1161 2608 εἰς
1192 2531 1298 2617 Δῆλον
1308 2531 1333 2616 ³)
1357 2551 1472 2614 στεφα-

347 2633 460 2710 νωθεὶς
482 2634 543 2698 ὑπὸ
566 2644 621 2699 τοῦ
645 2635 746 2721 δήμου
769 2644 878 2722 χρυσῷ
902 2636 1044 2720 στεφάνῳ
1068 2635 1229 2722 ἀνέθηκεν
1245 2638 1298 2699 τὸν
1321 2634 1472 2719 στέφανον

349 2730 394 2822 τῷ
416 2737 614 2804 Ἀπόλλωνιι
638 2759 767 2806 coronae
789 2741 863 2806 illae
887 2742 973 2806 erant
995 2759 1057 2818 eae,
1080 2759 1158 2823 quae
1172 2760 1192 2805 a
1206 2740 1330 2823 popule,
1355 2741 1382 2805 si
1405 2757 1471 2805 mu·

347 2859 420 2905 nere
443 2859 514 2906 cum
536 2842 629 2907 laude
651 2843 749 2907 functi
772 2843 961 2922 viderentur,
981 2842 1245 2930 decernebantur.
1298 2841 1384 2923 Quae
1407 2842 1472 2906 fue·

347 2941 389 3006 rit
410 2942 467 3007 illa
488 2943 628 3028 χορηγία
652 2945 801 3010 discimus
823 2965 860 3010 ex
875 2945 1011 3010 Antonio
1027 2944 1164 3009 Liberali
1179 2945 1425 3029 (μεταμουναγ.
1441 2943 1471 3024 1)

348 3043 468 3129 ταύτην
498 3048 555 3126 (sc'
577 3045 787 3130 Κτησὺλλαν)
810 3046 882 3111 ἰδών
899 3093 908 3112 .
925 3095 932 3111 .
951 3095 982 3111 ..
1017 3047 1212 3132 χορεύουσαν
1234 3045 1367 3123 Πυθίοις
1388 3046 1471 3130 παρὰ

348 3147 402 3209 τὸν
425 3146 526 3232 βωμὸν
549 3157 604 3211 τοῦ
626 3146 826 3226 ’Λπόλλωνος
850 3150 883 3214 ἐν
904 3149 1058 3236 Καρθαίᾳ
1067 3149 1093 3234 ⁴)
1124 3152 1216 3233 atque
1248 3169 1285 3216 er
1307 3149 1422 3216 Athen.
1443 3148 1471 3214 X

449 3453 475 3521 1)
494 3454 537 3508 De
555 3453 771 3510 Atheniensium
788 3454 927 3508 institutis
947 3454 980 3508 cf.
999 3453 1121 3517 Bekkcr,
1139 3453 1244 3510 Anccd
1261 3454 1275 3508 l
1292 3469 1319 3522 p.
1337 3453 1397 3518 199,
1415 3455 1434 3510 4
1449 3469 1470 3508 s.

346 3552 373 3591 v.
393 3537 557 3605 ἀπογράφειν
568 3554 574 3568 ·
584 3543 630 3590 τοῦ
648 3539 686 3608 μὴ
704 3538 870 3604 βουλομένου
888 3539 995 3590 ἐκτίνειν
1014 3537 1044 3590 τὸ
1061 3537 1170 3607 ὄφλημα
1188 3539 1204 3590 ὃ
1220 3538 1322 3605 ὀφείλει
1339 3538 1471 3592 διτλοῦται

345 3621 376 3671 τὸ
394 3620 502 3690 ὄφλημα
520 3622 562 3674 καὶ
580 3625 595 3674 ὑ
613 3623 753 3692 δήμαρχος
767 3623 813 3674 σὺν
831 3626 887 3682 τοῖς
900 3621 1060 3688 βουλευταῖς
1074 3627 1167 3676 τοῦτον
1184 3623 1336 3692 εἰσπράττει
1353 3623 1468 3676 ταλάντο·

346 3704 478 3771 γράφεται
496 3707 577 3758 αὐτοῦ
589 3707 636 3775 τὴν
649 3707 737 3758 οὐσίαν
756 3708 797 3759 καὶ
810 3709 970 3778 ἐνεχυράζει.
999 3709 1032 3762 cf.
1048 3707 1172 3773 Boeckh‚
1187 3707 1309 3764 staamh.
1323 3709 1345 3763 λ’
1357 3724 1383 3778 p.
1395 3711 1469 3765 5970

256 3857 262 3862 .
347 3789 377 3843 et
393 3789 451 3842 not.
469 3790 530 3845 819.

449 3875 477 3944 2)
496 3877 525 3931 Ο.
542 3879 567 3932 d.
588 3879 620 3933 G.
640 3880 657 3933 l.
675 3880 693 3933 l.
712 3882 741 3934 et
758 3881 796 3934 kl.
814 3880 957 3934 Schriften
974 3880 1025 3934 Vll
1041 3893 1067 3947 p.
1086 3881 1140 3936 354
1156 3895 1196 3948 sq.

449 3962 477 4030 3)
495 3964 555 4020 Ηοο
572 3967 688 4022 unicum
716 3969 760 4022 est
778 3967 949 4034 exemplum,
978 3966 1028 4020 ubi
1045 3966 1130 4022 homo
1149 3965 1222 4020 (leus
1240 3981 1359 4035 peregre
1377 3968 1469 4023 chore

346 4060 449 4114 gerum
466 4064 584 4106 munere
601 4054 645 4106 est
662 4053 785 4107 functus.
819 4053 943 4107 Exstant
961 4053 1056 4107 autem
1068 4052 1197 4106 nonnulli
1213 4053 1298 4115 tituli,
1316 4053 1365 4107 uhi
1383 4053 1469 4107 Calin

347 4135 520 4191 collusorum
537 4151 655 4191 numero
674 4139 891 4192 enumerantur:
909 4151 936 4190 n.
956 4138 1006 4191 132
1024 4135 1116 4204 (Deli),
1134 4152 1161 4190 n.
1176 4137 1312 4192 138-141
1326 4135 1468 4206 (Delphis).

449 4223 477 4290 4)
496 4223 530 4276 cf.
549 4223 757 4286 Westermann,
774 4223 915 4292 Mythogr.
933 4237 959 4290 p.
970 4223 1021 4278 acl
1040 4237 1099 4290 sq.;
1117 4222 1302 4286 Breendsted‚
1320 4237 1346 4291 p.
1359 4221 1410 4287 95;
1437 4220 1467 4276 ct

347 4311 544 4379 pronoen.
582 4309 712 4365 Ceterum
740 4325 809 4366 cave
836 4311 935 4364 credas
962 4310 1120 4378 puellarum
1145 4309 1248 4364 choros
1274 4311 1349 4364 luter
1365 4324 1398 4364 se
1415 4321 1468 4363 cer·

346 4399 432 4460 tasso,
451 4398 529 4450 recte
542 4397 618 4450 enim
630 4397 744 4464 scripsit
757 4394 948 4460 Wilamovita‚
961 4395 1073 4450 Horalrl
1092 4396 1104 4450 1
1122 4411 1147 4464 p.
1160 4397 1212 4450 347
1230 4397 1288 4450 not.
1302 4396 1352 4451 18:
1371 4395 1467 4460 „ima-

1611 4361 1613 4424 l
