3336 5314
868 511 911 578 38

327 733 399 780 eum
430 715 510 781 inira
542 714 579 780 de
610 716 668 782 hae
698 735 732 781 ro
765 718 891 784 uberius
915 716 1077 783 dicendum
1102 717 1144 783 sit
1156 717 1189 800 ¹).
1234 719 1307 785 Mea
1329 719 1458 802 quidem

328 817 483 884 sententia
519 836 624 884 omnes
661 837 773 884 causae
813 837 905 902 supra
941 820 1065 884 centum
1102 819 1266 885 drachmas
1304 822 1463 888 aestima·

327 920 381 984 tae
425 919 491 984 sine
528 919 593 985 ullo
631 920 807 986 discrimine
845 921 977 986 Athenis
1015 921 1066 986 vel
1103 920 1156 986 Cei
1200 922 1251 1006 agi
1288 923 1457 1005 poterant;

327 1042 376 1089 res
415 1023 520 1089 autem
551 1022 603 1089 Cei
636 1023 823 1090 diiudicatae
862 1025 956 1090 etiarn
990 1024 1030 1089 ad
1063 1025 1301 1091 Atheniensium
1338 1025 1459 1092 iudicia

328 1125 438 1192 deferri
482 1127 632 1210 poterant.
690 1127 827 1193 Koehler
879 1128 958 1193 mire
1011 1130 1145 1211 quadam
1196 1128 1366 1212 sagacitate
1421 1149 1461 1194 eo

321 1232 423 1298 etiam
446 1230 543 1296 alium
565 1229 693 1298 titulum
715 1231 845 1311 rettulit,
869 1234 997 1314 pactum
1018 1231 1191 1311 hludoico,
1216 1231 1300 1315 quod
1315 1231 1460 1316 singulae

329 1333 381 1400 Cei
402 1332 522 1398 insulae
544 1332 636 1397 urbes
659 1351 730 1398 oum
752 1332 994 1399 Atheniensibus
1018 1334 1156 1399 iecerunt
1187 1333 1224 1398 de
1247 1333 1371 1398 rubrica
1395 1332 1463 1399 Cea

327 1437 388 1502 uisi
411 1438 549 1502 Athenas
571 1454 631 1501 non
662 1435 851 1519 exportanda
861 1436 899 1516 ²).
945 1437 1024 1502 Cum
1055 1436 1093 1501 11
1125 1435 1218 1501 111111
1250 1436 1305 1501 1111
1337 1436 1418 1502 inira
1432 1436 1456 1516 ³)

327 1541 451 1608 uberius
474 1539 586 1617 dicam,
609 1557 707 1622 neque
738 1538 793 1603 ille
823 1558 873 1605 res
905 1539 1061 1604 contineat
1092 1538 1131 1602 ad
1161 1538 1326 1604 historiam
1356 1539 1459 1622 ipsam

327 1644 526 1726 pertinentes,
549 1642 652 1725 potius
675 1641 715 1706 ad
737 1641 868 1708 Oeorum
890 1642 1089 1708 rebellionem
1121 1642 1322 1707 revertamur.
1368 1643 1461 1709 Sedi-

326 1746 411 1812 tione
433 1745 541 1812 sedata
564 1744 783 1811 Carthaeenses
805 1745 838 1809 in
861 1745 1009 1812 societate
1032 1745 1246 1828 perstiterunt.
1291 1746 1339 1810 De
1364 1743 1459 1812 Core-

327 1848 375 1914 sia
396 1848 428 1913 et
450 1846 577 1914 Poiessa
600 1867 635 1912 ex
657 1847 750 1912 titulo
774 1847 852 1911 nihil
874 1847 1020 1931 colligere
1042 1865 1215 1930 possumus.

431 1970 475 2035 At
496 1986 567 2034 vero
590 1967 697 2034 Julide
719 1987 778 2047 res,
803 1987 879 2050 quas
902 1967 1052 2035 Chabrias
1075 1969 1298 2052 composuerat¹
1328 1987 1388 2034 non
1411 1969 1462 2035 ita

328 2071 427 2138 mulio
459 2072 530 2156 post
561 2071 660 2137 denuo
691 2072 833 2138 turbatae
865 2072 946 2137 sunt.
1000 2071 1165 2136 Thebanae
1198 2071 1280 2136 enim
1311 2071 1461 2140 factionis

327 2168 457 2255 exsules,
481 2194 552 2240 cum
567 2174 717 2241 Chabrias
739 2175 874 2241 insulam
896 2174 1082 2258 reliquisset
1108 2174 1325 2240 Thebanorum
1341 2175 1459 2240 auxilio

326 2279 399 2344 freti
420 2278 535 2343 reversi
557 2277 692 2359 urbeque
715 2277 807 2360 potiti
822 2279 904 2342 sunt.
948 2277 1187 2342 Atheniensium
1206 2277 1339 2342 lautores
1356 2277 1459 2343 denuo

327 2381 441 2463 partim
464 2373 566 2445 n'ecati
586 2380 701 2462 partim
725 2379 867 2446 absentes
891 2380 1001 2463 capitis
1024 2379 1164 2446 damnati
1185 2379 1326 2462 bonaque
1350 2399 1458 2446 eorum

327 2482 497 2568 publicata,
520 2482 650 2548 foederis
669 2484 775 2548 autern
789 2481 914 2548 tabulae
938 2502 974 2548 ex
996 2483 1123 2566 templo.
1146 2483 1178 2548 in
1201 2501 1260 2565 quo
1278 2483 1460 2566 propositae

328 2587 426 2664 erant,
450 2587 564 2653 eiectae
587 2586 706 2671 11111).
750 2585 811 2654 Sed
834 2587 941 2652 anxilii
964 2606 1033 2670 spes
1065 2587 1136 2653 illos
1160 2586 1312 2652 destituit.
1357 2585 1458 2652 Athe·

327 2690 449 2756 nienses
471 2709 543 2757 vero
566 2691 794 2773 cumprimum
816 2709 865 2755 res
880 2690 985 2773 gestas
1002 2691 1176 2770 audierunt,
1199 2690 1457 2773 Aristophontem

327 2793 435 2861 Julida
465 2794 626 2874 miserunt,
661 2793 714 2878 qui
748 2793 839 2859 lacile
860 2793 944 2859 haud
975 2793 1067 2859 dubie
1101 2793 1234 2858 alteram
1256 2793 1459 2859 rebellionem

431 3096 456 3167 1)
494 3098 528 3153 ef.
547 3097 612 3167 Gap.
631 3098 667 3152 ΙΙΙ
686 3099 702 3163 1
719 3098 745 3152 4.

430 3202 460 3271 2)
494 3216 521 3256 n.
542 3202 592 3257 128
607 3201 640 3256 ei.
654 3201 786 3266 Koehler,
804 3201 893 3256 Mitth.
908 3201 932 3254 11
949 3217 975 3269 p.
991 3201 1042 3256 150
1055 3216 1113 3270 sp,
1133 3202 1273 3264 Schaeler,
1294 3204 1311 3258 l.
1330 3204 1347 3257 i.
1366 3219 1392 3272 p.
1405 3203 1461 3259 150

327 3290 385 3344 not.
405 3289 438 3354 13
456 3288 580 3354 Boeelrh,
599 3289 721 3344 Staatsh.
740 3289 765 3344 (1.
783 3289 883 3343 Athen.
899 3288 934 3342 11³
953 3303 979 3356 p.
993 3289 1045 3342 312
1063 3303 1104 3356 sq.
1132 3287 1175 3342 De
1192 3289 1305 3343 rubrica
1323 3291 1409 3344 etiarn
1425 3291 1456 3344 in

326 3378 370 3432 tit.
397 3391 424 3434 n.
453 3376 504 3432 129
531 3377 628 3431 neseio
655 3377 721 3444 quid
750 3377 935 3432 constitutum
962 3375 1051 3430 fuisse
1077 3375 1254 3430 Kumanudis
1282 3377 1460 3432 assentiente

300 3497 303 3506 ·
327 3464 469 3519 Koehlero
488 3465 566 3520 reete
580 3464 709 3518 coniecit.
729 3462 856 3518 'Pitaium
872 3463 952 3516 illurn
970 3462 1054 3530 paulo
1073 3463 1264 3518 recentiorem
1282 3477 1345 3524 esse
1363 3463 1457 3518 Koeh-

328 3551 372 3604 ler
389 3550 526 3605 adfirmat.
563 3550 597 3604 of.
615 3549 705 3604 blitth.
724 3549 748 3602 Π
766 3565 792 3617 p.
812 3550 864 3604 154
881 3553 939 3604 not.
958 3550 983 3603 2.

431 3650 458 3719 3)
496 3652 529 3706 11.
557 3651 714 3720 infraOap.
733 3653 839 3718 11114
865 3653 894 3706 et
920 3653 1033 3720 passim.
1070 3652 1230 3720 Supersunt
1258 3653 1364 3708 decreti
1391 3652 1458 3708 (lar-

326 3737 506 3792 thaeenslum
532 3738 596 3792 linis
623 3739 708 3806 atque
736 3739 850 3793 decreta
867 3737 1048 3793 Coresionrm
1076 3740 1105 3793 et
1123 3739 1301 3794 bullatarum.
1337 3741 1382 3794 Ex
1411 3753 1456 3804 eo,

328 3823 403 3890 quod
428 3823 512 3878 titulo
540 3823 700 3891 legatorum
717 3824 932 3878 Atheniensium
950 3825 1065 3879 nomina
1092 3826 1252 3893 subscripta
1269 3827 1343 3890 sunt,
1361 3825 1457 3880 Koeh-

327 3910 370 3963 ler
386 3911 465 3964 reete
483 3909 605 3977 collegit,
623 3910 837 3965 Atheniensium
856 3911 1001 3966 decretum
1018 3913 1048 3966 in
1066 3926 1177 3966 summo
1195 3912 1290 3980 lapide
1317 3913 1457 3980 persorip

327 3994 388 4048 turn
405 3993 503 4049 fuisse.
533 3993 665 4058 Koehler,
683 3994 807 4059 Boeelrh
827 3995 876 4050 alii
894 3996 1009 4064 pubium
1028 4011 1090 4051 esse
1103 3997 1207 4060 dieunt,
1226 3997 1348 4052 tueritne
1367 3998 1455 4052 etiam

326 4077 521 4133 Poiessiorum
539 4079 690 4134 decretum.
726 4079 788 4134 Mea
801 4081 914 4148 quidem
932 4083 1074 4136 sententia
1092 4083 1127 4137 de
1144 4083 1198 4138 hae
1215 4096 1246 4136 re
1262 4083 1385 4138 dubitari
1397 4097 1456 4137 non

328 4165 532 4233 potestasque
550 4165 695 4234 intellego,
714 4180 765 4221 our
781 4166 904 4222 Poiessii
923 4169 1036 4236 excepti
1054 4168 1166 4224 fuerint.

429 4265 456 4336 4)
493 4267 618 4323 Koehler
635 4269 741 4337 optimo
753 4270 872 4324 verbum
890 4269 1030 4335 ἐκβάλλειν
1048 4272 1220 4338 explicavit:
1241 4271 1314 4336 ,Das
1328 4272 1455 4326 Verbum

327 4353 473 4438 11111111,
489 4356 612 4411 welches
630 4357 660 4411 in
676 4356 841 4426 Beaiehung
859 4357 965 4413 auidis
978 4359 1214 4427 Vertragssiiuien
1232 4360 1388 4427 gebraueht
1406 4361 1457 4424 ist,

326 4441 399 4495 liisst
419 4441 582 4507 schliessen,
601 4443 667 4498 dass
686 4443 763 4498 11111
780 4445 810 4498 11
828 4445 919 4499 einem
937 4445 1110 4514 Heiligthum
1135 4445 1298 4514 anigestellt
1315 4449 1439 4501 waren*
