3336 5314
870 494 913 559 48

329 697 422 764 Haud
453 717 522 764 raro
553 715 626 782 ergo
658 698 733 763 socii
763 698 910 779 pecunias
929 697 1068 762 mutuas
1102 697 1270 779 sumpsisse
1301 697 1458 763 uidentur.

330 801 489 882 Quomodo
511 802 622 866 lacuna
644 801 758 883 expleri
781 801 889 884 possit,
912 800 1033 866 nescio:
1057 799 1188 865 sortasse
1210 799 1262 863 ἐπὶ
1284 801 1344 885 τὴν
1365 820 1457 885 κομι·

330 905 388 990 δήν
397 911 460 969 τῶν
471 902 718 991 [δανεισμά]των
729 902 926 968 scribendum
941 904 996 982 est,
1011 901 1065 968 sed
1086 901 1145 967 hoe
1160 902 1187 967 si
1196 901 1371 980 scribimus,
1386 903 1456 968 octo

329 1008 449 1073 litteras
470 1006 599 1088 periisse
631 1005 818 1072 coniciamus
849 1023 973 1070 necesse
1005 1005 1061 1082 est,
1093 1022 1164 1070 oum
1195 1022 1301 1069 ornnes
1324 1005 1458 1071 editores

328 1128 388 1176 non
410 1108 481 1191 plus
504 1127 597 1191 quam
620 1110 740 1190 septem
768 1107 890 1173 litteras
921 1107 966 1172 ibi
996 1107 1092 1173 fuisse
1122 1098 1287 1173 testantur.
1347 1107 1456 1190 Neque

329 1215 420 1298 plura
442 1212 556 1277 seimus
579 1211 616 1276 de
638 1211 700 1277 alio
730 1210 822 1276 titulo
845 1229 874 1274 n.
897 1208 950 1288 72,
985 1229 1078 1292 quem
1100 1210 1225 1276 Boeckh
1248 1211 1340 1276 verbo
1370 1210 1458 1297 βασι-

215 1329 218 1338 ·
306 1313 428 1403 'lamp
449 1315 500 1380 vel
521 1312 700 1401 βασιλέως
722 1315 894 1378 commotus
917 1312 958 1378 ad
980 1315 1121 1396 tempora
1142 1313 1198 1378 illa
1230 1313 1354 1379 rettulit
1383 1331 1455 1379 cnm

330 1417 471 1501 scripsit:
495 1417 555 1498 „de
577 1416 714 1500 Aegypti
736 1416 861 1500 regibus
884 1415 1000 1498 opinor,
1026 1416 1138 1498 quibus
1153 1415 1345 1499 aliquamdiu
1366 1433 1456 1498 pare-

329 1521 407 1588 bant
428 1517 615 1604 Oyelades.“.
655 1519 728 1583 Mea
750 1517 876 1600 quidem
898 1517 1052 1582 sententia
1074 1517 1156 1601 lepis
1178 1517 1254 1584 adeo
1268 1519 1317 1584 est
1330 1517 1456 1597 fractis,

330 1625 366 1689 ut
387 1641 485 1705 neque
507 1622 618 1688 titulus
641 1622 765 1687 restitui
787 1639 884 1702 neque
908 1639 1015 1686 sensus
1038 1621 1240 1704 probabiliter
1256 1623 1322 1686 erui
1339 1621 1456 1705 possit:

331 1745 404 1811 ergo
427 1725 555 1790 titulum
577 1726 667 1790 illum
689 1726 793 1807 potius
815 1726 945 1789 missum
967 1725 1130 1791 iaciamus.
1174 1724 1319 1791 Ceterum
1348 1723 1455 1790 eodem

330 1830 396 1894 iure
418 1828 513 1894 otiam
534 1826 714 1915 βασιλε[ῠ]ς
736 1829 885 1910 scriptum
908 1829 1004 1895 fuisse
1025 1829 1138 1911 potest,
1171 1846 1269 1910 neque
1294 1828 1351 1907 est,
1374 1826 1457 1910 quod

331 1949 368 1995 ex
400 1929 465 1994 solo
495 1931 589 1996 verbo
620 1931 675 1996 illo
708 1930 935 2015 (quoquomodo
966 1932 1116 2014 scriptum
1151 1931 1223 2014 brit)
1258 1930 1455 2014 colligamus,

330 2033 554 2117 Aegyptiorum
567 2052 655 2119 reges
669 2035 703 2099 in
725 2035 819 2100 titulo
834 2053 870 2100 eo
883 2035 1124 2112 commemorari,
1148 2052 1220 2099 oum
1229 2032 1324 2098 etiarn
1335 2032 1372 2097 de
1386 2032 1456 2098 aliis

331 2135 460 2220 cogitari
480 2137 597 2214 possit:
622 2156 696 2202 sane
720 2136 758 2201 de
781 2139 1007 2222 Aegyptiorum
1038 2137 1162 2222 regibus
1194 2135 1402 2202 coniecturam
1425 2135 1458 2198 in

331 2240 433 2305 medio
456 2241 591 2321 positam
613 2257 680 2304 esse
702 2239 829 2304 minime
852 2259 941 2323 nego.

434 2341 495 2409 Sed
516 2341 587 2406 nolo
613 2340 736 2424 singula
758 2343 910 2424 persequi,
933 2360 1011 2424 quae
1040 2343 1232 2426 temporibus
1257 2341 1322 2407 illis
1345 2343 1457 2408 obseu-

330 2445 463 2512 rissimis
493 2444 526 2507 in
557 2444 661 2508 insula
696 2443 780 2509 fecta
816 2463 882 2510 esse
918 2445 1087 2511 verisimile
1118 2447 1169 2511 sit.
1214 2446 1297 2510 Nam
1331 2445 1369 2512 de
1401 2466 1457 2512 va-

331 2548 386 2614 riis
410 2548 476 2612 eius
498 2545 639 2611 fortunae
662 2546 781 2612 vicibus
803 2546 881 2611 nibil
903 2566 1003 2630 neque
1028 2567 1065 2614 ex
1079 2549 1181 2614 titulis
1197 2567 1295 2632 neque
1311 2569 1347 2615 ex
1360 2550 1458 2632 scrip-

331 2650 451 2717 toribus
473 2648 623 2714 hebemus
655 2647 848 2730 compertum
885 2647 978 2730 atque
1010 2667 1271 2732 supervacaneum
1305 2669 1372 2716 esse
1394 2651 1458 2716 exi-

333 2755 436 2832 stimo,
462 2752 513 2816 hio
535 2769 635 2816 meme
651 2750 785 2834 proferre
801 2751 1001 2831 coniecturas,
1025 2769 1102 2834 qnae
1123 2753 1219 2818 nullis
1241 2753 1332 2819 certis
1355 2753 1458 2818 nitan-

331 2859 384 2922 tur
405 2855 626 2920 fundamentis.

434 2955 469 3020 ln
492 2955 595 3020 titulis
618 2953 672 3020 Gai
693 2956 973 3021 commemorantur
1004 2955 1129 3021 demum
1162 2958 1291 3023 exeunte
1313 2958 1405 3023 tertio
1429 2976 1457 3022 a.

333 3057 403 3123 Chr.
428 3057 561 3123 saeculo.
606 3050 809 3139 Temporibus
832 3059 897 3124 illis
920 3059 1049 3125 Aetolos
1084 3060 1174 3143 longe
1203 3060 1328 3144 lateque
1358 3061 1459 3126 maria

332 3159 464 3226 navibus
486 3159 625 3242 piraticis
647 3159 761 3226 infesta
782 3161 955 3226 reddidisse
977 3162 1107 3245 ideoque
1139 3164 1215 3228 satis
1248 3163 1364 3229 multas
1387 3163 1458 3229 ciui·

332 3264 413 3330 tates
434 3264 654 3346 praecaventes
677 3282 749 3328 oum
771 3265 891 3329 Aetolis
914 3263 1037 3331 foedera
1058 3266 1178 3346 fecisse,
1212 3267 1281 3349 quis
1315 3267 1362 3332 est
1384 3268 1458 3350 quin

333 3355 421 3434 sciat.
464 3366 550 3433 Inter
574 3366 716 3432 civitates
737 3367 810 3433 illas
831 3386 891 3434 non
918 3367 1061 3434 infimum
1092 3369 1196 3433 locum
1230 3369 1371 3435 obtinent
1394 3368 1458 3448 Coi,

332 3490 394 3537 non
416 3469 482 3536 sine
504 3487 608 3534 causa.
662 3470 806 3536 Vidimus
829 3471 913 3536 enim
936 3491 1029 3555 supra
1051 3472 1096 3554 (p.
1118 3470 1159 3535 21
1183 3476 1244 3556 sq.)
1267 3473 1458 3556 Naupactios

332 3592 387 3656 per
409 3571 534 3654 aliquod
555 3575 679 3655 tempus
700 3573 835 3638 insulam
857 3575 1034 3654 incoluisse,
1049 3574 1248 3658 Naupactum
1264 3577 1368 3642 autem
1381 3575 1458 3641 Phi-

332 3676 437 3758 lippus
460 3695 488 3743 a.
511 3674 575 3739 338
598 3677 717 3742 Aetolis
740 3677 877 3754 tradidit,
900 3677 935 3742 id
957 3677 1039 3761 quod
1060 3697 1089 3743 a.
1122 3677 1187 3743 342
1218 3679 1401 3763 promiserat
1412 3677 1456 3762 ¹):

291 3833 295 3838 .
334 3795 370 3843 eo
392 3777 460 3862 ipso
490 3779 629 3861 ternpore
659 3778 764 3845 Aetoli
794 3779 878 3846 haud
907 3780 1001 3846 dubie
1032 3781 1065 3846 in
1097 3781 1360 3866 amphictyoniam
1384 3782 1458 3846 Del-

333 3881 457 3964 phicam
479 3881 592 3948 adsciti
614 3900 681 3948 esse
702 3881 894 3967 videntur2).
938 3881 993 3949 Oai
1014 3883 1112 3968 igitur
1135 3883 1230 3949 saluti
1252 3903 1326 3950 suae
1349 3903 1458 3950 oonsu-

333 3983 433 4049 lentes
456 4002 527 4049 oum
549 3983 670 4050 Aetolis
691 3983 798 4050 foedus
820 3985 967 4068 inierunt,
990 4003 1068 4069 quae
1091 3985 1217 4069 quidem
1231 4005 1354 4052 resnon
1376 3986 1458 4051 rnul-

438 4241 465 4310 1)
500 4243 602 4298 Strabo
620 4242 660 4297 IX
676 4241 728 4296 427
745 4242 825 4307 init.;
844 4241 970 4306 Sohtier,
989 4241 1136 4298 Demostlr.
1154 4243 1190 4298 11²
1207 4257 1233 4312 p.
1251 4244 1312 4309 427,
1330 4246 1390 4300 559.

436 4329 466 4398 2)
500 4330 620 4394 Bdoher,
638 4329 682 4384 De
699 4330 784 4397 gente
796 4328 924 4384 Aetolica
936 4329 1166 4399 amphictyoniao
1178 4330 1324 4400 participe,
1343 4331 1460 4388 Bonnae

335 4415 404 4470 1870
420 4431 446 4484 p.
466 4417 501 4472 18
518 4431 576 4485 sq.;
596 4415 730 4471 Sohaeier
747 4417 764 4470 l.
783 4417 801 4470 l.
