3322 5302
749 461 791 526 71

208 666 335 734 mutuae
357 653 448 731 datae
472 666 569 730 erant.
612 665 655 730 111
675 665 707 729 in
730 665 835 730 antina
857 664 889 728 et
910 663 943 730 in
965 662 1085 746 postica
1100 662 1226 729 tabulae
1247 664 1335 730 illius

208 771 348 853 partibus
370 770 536 853 perscripti
558 774 631 835 sunt
652 770 789 835 universi
810 769 865 834 Cei
887 767 1016 850 (Κεῖοι),
1036 787 1097 833 nou
1118 768 1259 852 singulae
1281 787 1334 834 ur-

207 872 275 940 bes.
318 872 379 938 Sed
401 888 474 938 oare
497 872 605 937 eredas
626 871 658 936 id
682 871 844 938 brevitatis
867 889 961 936 eausa
982 869 1099 936 fautum
1121 890 1207 937 esse:
1231 869 1335 936 Oenoe

209 974 291 1038 enim
312 975 344 1039 et
364 973 525 1050 Thermae,
548 972 628 1039 duaa
650 973 742 1039 nrbes
762 976 797 1038 in
819 973 922 1038 insula
943 972 1031 1037 Icaro
1054 971 1141 1050 sitae,
1168 971 1334 1054 separatim

208 1077 241 1140 in
262 1077 371 1142 tabula
398 1077 460 1142 illa
493 1077 700 1142 nominantur.
753 1075 863 1158 Neque
896 1075 984 1142 tituli
1016 1075 1103 1140 aetas
1135 1073 1336 1160 (aru-nra)

209 1179 379 1246 sententiae
400 1197 487 1246 meae
508 1198 680 1264 repugnare
700 1179 832 1257 uidetur,
856 1197 929 1244 oum
943 1197 997 1243 aes
1011 1178 1091 1243 illud
1106 1177 1242 1244 alioumm
1264 1197 1336 1261 per·

208 1283 285 1349 beno
307 1285 370 1349 iam
393 1283 513 1367 pridem
536 1284 727 1350 cantantum
750 1302 820 1348 esso
842 1282 943 1366 possit
964 1283 1009 1364 (p.
1031 1280 1099 1362 36).

310 1385 452 1452 Pertinet
473 1385 513 1451 ad
535 1405 571 1450 ea
591 1391 733 1468 tempora
763 1386 859 1450 etiam
888 1383 1001 1469 Lysian
1032 1384 1162 1450 oratoris
1193 1383 1336 1447 testimo·

127 1514 137 1525 ·
208 1490 310 1554 mam:
333 1489 363 1552 οἱ
377 1489 468 1554 Κεῖοι
485 1491 541 1574 μὲν
554 1487 645 1566 πόλις
659 1489 801 1575 τοσαύτη
812 1488 849 1573 ¹),
864 1489 998 1572 adquae
1013 1488 1107 1554 uerba
1121 1487 1247 1553 Boookh
1267 1504 1335 1552 roo·

207 1592 332 1658 tissime
354 1592 533 1659 adnotavit:
558 1593 627 1669 „boi
649 1593 714 1658 ihm
738 1594 794 1676 (so.
815 1592 940 1677 Lysias)
955 1611 1042 1656 muas
1064 1590 1154 1668 πόλις
1174 1592 1233 1656 den
1255 1591 1336 1675 poli·

207 1693 327 1759 tirohm
350 1693 472 1778 Bogriff
489 1695 600 1774 haten,
623 1695 687 1760 uod
709 1714 743 1760 or
764 1696 846 1760 sieht
876 1695 942 1761 also
973 1694 1057 1760 Keos
1088 1695 1135 1760 als
1169 1695 1237 1760 eine
1259 1713 1335 1778 eng·

207 1796 402 1863 verbundene
424 1798 550 1864 Einhait
564 1803 635 1863 an.“
1309 1868 1312 1874 .

310 1901 356 1966 Ex
379 1902 522 1967 omuibus
545 1920 623 1985 quae
646 1902 740 1969 attuli
771 1901 966 1967 documentis
997 1901 1109 1986 colligo
1140 1901 1193 1968 Cei
1216 1903 1335 1969 insulae

208 2002 299 2068 urbes
326 2004 506 2088 sympolitia
528 2005 706 2070 coniunctas
729 2004 824 2070 fuisso
857 2006 949 2087 atque
980 2023 1087 2070 omnes
1116 2023 1165 2070 res
1197 2007 1336 2072 externas

209 2108 414 2172 communiter
435 2106 670 2174 administrasse
682 2106 719 2190 ²).
764 2107 925 2173 Summam
947 2107 1137 2190 'reipublicae
1163 2127 1256 2189 penes
1278 2127 1336 2190 po·

208 2210 318 2292 pulum
340 2211 373 2275 et
394 2211 537 2276 sanatum
552 2211 657 2276 ruisse
679 2213 920 2278 consentaneum
942 2211 999 2290 est,
1031 2210 1085 2276 sed
1117 2210 1187 2276 nolo
1219 2229 1255 2276 es
1276 2211 1336 2275 ali·

209 2331 296 2378 arum
318 2313 481 2378 civitatum
504 2314 652 2396 exemplis
675 2315 799 2398 singula
814 2315 986 2379 restituere.
1033 2315 1142 2396 ltaque
1160 2332 1197 2377 ea
1211 2314 1336 2377 tantum

208 2414 404 2493 enumerabo,
427 2433 504 2498 quae
527 2435 564 2480 ex
585 2416 687 2482 titulis
718 2417 784 2481 illis
814 2415 935 2481 officere
964 2432 1140 2497 possumus.
1194 2413 1241 2478 Ao
1271 2415 1336 2497 pri·

207 2535 294 2582 mum
317 2517 442 2600 quidem
463 2517 551 2598 belli,
582 2519 678 2600 panis,
712 2519 871 2584 foederum
903 2517 953 2582 ius
984 2519 1017 2584 et
1046 2517 1210 2582 arbitrium
1240 2535 1335 2598 penas

208 2617 340 2684 cnorum
361 2619 512 2702 populum
533 2619 630 2686 fuisse
652 2641 689 2686 ox
710 2620 868 2686 Herodoto
883 2619 1016 2703 oollig03
1040 2618 1226 2684 decernebat
1240 2619 1335 2684 otiam

208 2721 341 2804 populus
363 2720 402 2786 do
424 2723 602 2805 apparando
622 2722 707 2788 bollo
729 2723 822 2805 atque
845 2722 883 2787 de
905 2723 1040 2788 exercitu
1062 2721 1253 2803 navibusque
1286 2722 1336 2786 in·

205 2825 374 2890 struendis.
421 2824 538 2892 Deinde
560 2826 765 2892 communitor
786 2825 914 2900 tributa
938 2843 1016 2907 quae
1037 2824 1077 2888 iis
1100 2823 1336 2888 1111111111-

208 2927 294 2993 sibus
315 2928 463 3012 imposita
485 2929 581 3007 erant,
605 2927 783 3012 pendebant
804 2929 897 3010 atque
928 2926 1089 2992 definiente
1121 2929 1237 2992 aerario
1258 2928 1336 2994 item
1365 2963 1366 2966 ¹

208 3031 412 3097 communiter
433 3031 582 3114 peounias
599 3033 725 3098 mutuas
740 3031 914 3098 sumebant.
957 3030 1062 3107 Mitto,
1076 3031 1158 3096 siout
1174 3031 1245 3106 dixi,
1261 3031 1335 3098 rali-

207 3153 276 3216 qna,
300 3153 379 3218 qnae
401 3154 421 3200 a
443 3134 512 3200 (leis
535 3136 741 3202 communitor
762 3135 980 3200 administrata
1001 3153 1069 3200 osso
1092 3134 1259 3200 verisimile
1276 3135 1333 3199 est.

310 3236 500 3320 Priusquam
521 3238 559 3302 de
584 3239 677 3303 [Va.
700 3237 772 3304 (ihr.
794 3255 875 3302 sano.
897 3237 1011 3314 diuam,
1034 3236 1169 3302 breviter
1191 3237 1332 3306 consido-

206 3357 310 3404 ramus
355 3339 485 3404 alteram
523 3340 653 3404 Coorum
698 3340 921 3422 sympolitiam
959 3357 1039 3420 quae
1082 3339 1187 3420 potins
1231 3337 1335 3404 κοινὸν
1467 3411 1468 3415 Ἰ

208 3440 360 3524 appellari
403 3441 516 3522 potest.
582 3441 742 3506 Habemus
786 3441 869 3506 enim
915 3443 1064 3523 quattuor
1120 3439 1228 3505 titulos
1282 3441 1336 3524 qni

208 3543 248 3610 ad
279 3543 338 3609 hoo
369 3543 473 3610 κοινόν
502 3543 654 3610 referendi
692 3547 767 3609 suot
796 3545 840 3627 (n.
875 3542 1004 3607 21-23
1040 3545 1073 3608 et
1102 3563 1132 3608 n.
1165 3543 1231 3626 77).
1289 3543 1336 3609 Do

206 3646 309 3713 titulis
330 3647 396 3713 illis
434 3667 504 3714 oum
541 3665 636 3731 supra
656 3667 687 3731 p.
710 3648 752 3712 49
773 3667 819 3731 sq.
842 3648 983 3730 pluribus
1006 3647 1201 3730 disputatum
1224 3647 1274 3722 sit.
1298 3667 1336 3713 ea

208 3751 332 3816 tantum
354 3751 505 3829 adferam,
527 3769 605 3834 quae
630 3751 690 3818 huo
711 3752 879 3835 pertinent.
915 3752 1055 3833 Apparet
1076 3750 1160 3816 onim
1182 3769 1219 3814 or
1240 3750 1334 3816 titulo
1405 3825 1409 3836 ¹

209 3937 464 3945 —-————

311 4034 338 4104 1)
357 4035 391 4090 ni.
409 4035 542 4103 Han-poor.
561 4050 583 4089 s.
602 4051 629 4088 v.
648 4031 728 4100 Κεῖοι,
754 4035 878 4101 Boooklu
906 4037 945 4090 kl.
963 4036 1042 4091 Satur.
1060 4037 1111 4091 VH
1127 4051 1153 4105 p.
1171 4037 1224 4092 852
1250 4039 1335 4105 atque

208 4121 686 4276 0.1·G2.)1‡tu.e{i⁸allmom
715 4209 765 4263 uti
790 4209 878 4264 urbes
904 4208 1007 4272 Minoa,
1045 4208 1189 4274 Aroesino,
1218 4208 1335 4276 Aegium

208 4293 526 4446 ztvssetpltgoseimlliter
543 4295 709 4364 sympolttia
726 4296 896 4350 ooninnntae
928 4298 1017 4350 erant.
1037 4296 1070 4350 od
1090 4295 1211 4360 Gubert,
1229 4294 1335 4350 atna-
