3322 5302
768 461 973 563 m..

305 679 387 747 ‘quae
408 663 502 730 fuerit
522 663 580 729 illa
601 663 774 744 diversitas,
797 663 897 730 dieere
928 683 988 730 nen
1022 680 1197 748 possumus,
1231 683 1303 731 eum
1324 685 1433 734 versus

306 765 357 832 illi
378 767 454 834 adeo
477 767 615 832 mutilati
645 767 716 846 sint,
749 768 785 832 ut
814 769 938 835 restitui
967 767 1187 852 nonpossint.
1241 763 1302 835 Pr'o
1325 771 1431 851 serris,

307 872 452 938 similiter
473 871 566 953 atque
590 869 730 946 Athenis,
753 869 837 936 baud
860 871 953 936 dubie
976 871 1071 937 etiam
1093 871 1246 937 tributum
1265 890 1332 938 esse
1353 893 1430 958 pen-

307 995 385 1054 sum,
409 975 516 1040 statim
536 973 619 1040 infra
640 961 824 1040 videbimus.
868 975 915 1040 De
938 978 1034 1041 servis
1055 975 1153 1060 igitur
1176 995 1246 1042 eum
1266 976 1346 1041 nihil
1367 977 1432 1042 fere

305 1080 440 1162 proferre
462 1077 617 1160 pessimus
639 1077 703 1142 iam
727 1078 764 1142 ad
780 1077 941 1143 libertines
958 1079 1165 1144 transeamus.
1211 1079 1313 1161 Atque
1327 1080 1359 1144 in
1375 1079 1431 1145 de·

306 1167 388 1247 00010
410 1180 465 1245 illo
488 1179 683 1262 quodmodo
705 1171 944 1246 commemoravi
976 1181 1018 1265 (n.
1043 1181 1118 1262 128)
1142 1181 1348 1248 constitutum
1371 1183 1427 1262 est

304 1285 341 1350 01
363 1269 443 1350 servi
465 1283 617 1348 delatores
639 1281 910 1349 manumittantur.
954 1284 1088 1348 Athenis
1110 1283 1250 1349 libertini
1270 1284 1304 1349 in
1323 1284 1427 1367 inqui-

304 1387 448 1453 linorum
461 1384 640 1472 (petolans)
663 1385 803 1451 ordinem
824 1387 1006 1465 transibant,
1040 1387 1094 1452 sed
1115 1376 1240 1452 demine
1267 1405 1323 1452 suo
1344 1387 1430 1452 uerte

304 1492 458 1574 quaedam
480 1488 581 1554 elfieia
603 1488 762 1570 praestare
784 1488 937 1554 debebant
960 1491 1096 1572 etquein
1113 1490 1179 1555 eius
1195 1489 1342 1555 clientela
1356 1509 1428 1572 per·

303 1592 471 1658 manebant
481 1591 522 1680 ¹).
553 1590 681 1656 Eadem.
694 1590 731 1655 de
754 1590 883 1656 Ceorum
905 1581 1059 1657 libertinis
1082 1592 1320 1658 adfirmaverim.
1365 1593 1428 1657 De·

301 1695 373 1760 inde
403 1694 565 1760 libertinos
596 1693 826 1776 inquilinosque
864 1694 1018 1760 tributum
1059 1685 1214 1777 quoddam
1245 1695 1427 1778 pependisse

303 1797 473 1886 (μετοίκιον
494 1799 560 1864 0100
581 1789 689 1882 dubio)
712 1798 858 1882 colligere
889 1817 1053 1882 pessumus
1085 1817 1121 1864 ex
1143 1799 1335 1865 Coreeiorum
1357 1799 1427 1882 lege

302 1921 330 1969 n.
353 1901 405 1982 66,
428 1903 533 1968 0110.
557 1900 578 1964 9
600 1919 645 1984 sq.
668 1901 744 1966 haee
774 1901 925 1982 legimus:
958 1900 1066 1965 ἑστιᾶν
1089 1901 1123 1964 δὲ
1145 1901 1216 1978 τούς
1239 1921 1274 1966 τε
1295 1901 1426 1978 πολίτας

302 2007 358 2068 καὶ
379 2005 431 2080 οὓς
454 2003 475 2090 ἡ
498 2003 587 2080 πόλις
609 2002 771 2089 κέκληκεν
782 2002 807 2086 ²)
830 2006 886 2066 καὶ
908 2007 978 2079 τοὺς
1001 2003 1165 2089 μετοίκους
1180 2005 1236 2068 καὶ
1256 2005 1327 2080 τοὺς
1349 2004 1426 2068 άπε-

301 2107 472 2192 λευθὲρους
508 2108 575 2170 ὅσοι
613 2109 654 2170 τὰ
690 2104 797 2194 τέλ[η]
821 2105 947 2191 φέρουσι
978 2108 1020 2184 εἰς
1051 2106 1260 2193 Κορησίοινθ).
1304 2108 1425 2173 Distin-

300 2211 438 2296 guuntur
458 2211 491 2275 in
514 2210 636 2276 deereto
657 2209 713 2274 illo
734 2209 871 2274 dilucide
894 2210 1039 2292 inquilini
1061 2211 1153 2293 atque
1176 2211 1332 2276 libertini:
1355 2229 1427 2276 mea

300 2313 425 2397 quidem
448 2313 601 2378 sententia
630 2312 771 2377 libertini
800 2313 922 2394 praeter
958 2312 1170 2378 diversitatem
1200 2313 1299 2392 illam,
1331 2331 1423 2396 qnam

300 2417 515 2498 0010011011,
538 2416 708 2500 pergebant
738 2416 833 2481 etiam
866 2419 901 2480 τὸ
924 2413 1013 2493 Ιτέλος
1036 2425 1098 2480 τῶν
1126 2415 1325 2501 ἀνδραπόδων
1347 2435 1424 2500 pen·

300 2522 383 2600 dere,
405 2519 486 2585 01001
508 2519 650 2597 Athenis,
674 2537 747 2584 nam
767 2537 823 2602 pre
855 2518 952 2584 servis
983 2519 1078 2584 etiam
1107 2519 1261 2584 tributum
1292 2538 1422 2602 pensum

299 2623 394 2688 fuisse
417 2640 599 2704 persuasum
620 2621 730 2688 habeo.
776 2620 864 2702 Quod
887 2641 1072 2704 quamquem
1090 2622 1128 2688 de
1144 2619 1277 2687 Coresiis
1299 2622 1422 2688 tantum

297 2725 448 2791 traditum
470 2724 527 2802 001,
550 2724 582 2788 10
605 2725 715 2789 ceteris
737 2723 858 2788 insulae
880 2723 1007 2788 urbibus
1041 2723 1132 2788 aliter
1167 2724 1261 2788 luisse
1291 2741 1351 2790 000
1374 2726 1425 2789 001

296 2827 475 2894 verisimile.
520 2827 567 2892 De
589 2825 848 2910 inquilinomm‘)
880 2825 1057 2892 condicione
1087 2825 1167 2890 nihil
1194 2817 1421 2892 fere'eenstat:

297 2931 330 2996 in
351 2929 541 2996 Julietarum
563 2929 656 2994 titulo
678 2949 708 2994 n.
731 2928 774 2992 40
789 2931 1047 2994 commemoratur
1062 2927 1242 3012 προστάτης
1265 2926 1421 3014 (026117

297 3032 442 3098 Μείδιονσ
465 3034 520 3096 καί
542 3031 724 3117 προστάτην
744 3030 973 3116 Ἀριστοκλῆ),
995 3031 1051 3097 sed
1072 3029 1195 3095 Μείδιον
1217 3031 1271 3096 1110
1292 3029 1420 3114 inquili-

297 3153 395 3200 nusne
416 3135 510 3200 fuerit
531 3154 570 3200 an
592 3135 765 3212 libertinus,
790 3129 953 3200 diiudicari
974 3154 1034 3200 000
1057 3134 1169 3216 potest,
1182 3153 1281 3217 neque
1298 3136 1423 3200 constat

295 3236 498 3302 habuerintne
518 3235 663 3318 inquilini
685 3235 863 3320 προστάτας
893 3255 1006 3314 00000;
1038 3236 1147 3301 deinde
1169 3254 1263 3316 supra
1284 3236 1421 3301 vidimus

295 3340 477 3422 pependisse
499 3359 551 3406 000
573 3342 668 3406 etiam
684 3340 837 3405 tributum
853 3338 1046 3426 (μετοίκιον).
1091 3339 1152 3405 Sed
1168 3340 1205 3404 de
1220 3359 1326 3405 eorum
1342 3341 1420 3406 iuri-

295 3443 352 3509 bus
373 3445 612 3525 muneribusque
634 3443 712 3514 011011
735 3444 909 3525 accepimus
932 3461 1030 3525 neque
1054 3462 1090 3506 ex
1110 3443 1240 3507 aliarum
1256 3441 1419 3508 civitatum

295 3545 444 3627 exemplis
467 3545 591 3630 singula
612 3545 775 3610 restituere
798 3546 902 3610 conari
926 3546 1047 3609 attinet.
1092 3545 1255 3609 liquantur
1268 3545 1300 3609 in
1315 3545 1419 3611 titulis

295 3668 326 3712 n.
349 3649 391 3712 18
406 3648 438 3712 01
456 3647 494 3711 16
510 3649 552 3730 (l)
568 3647 713 3730 πάροικοι
735 3647 861 3730 quidam
884 3647 1009 3712 civitate
1032 3649 1158 3730 prepter
1180 3648 1418 3730 praestantiam,

397 3868 422 3938 1)
442 3869 475 3923 ef.
493 3868 684 3934 Wilamovitn,
701 3869 819 3924 Hermes
836 3871 916 3924 XXII
934 3870 1031 3940 (1887),
1049 3872 1130 3938 impr.
1147 3887 1173 3938 p.
1192 3871 1244 3924 223
1262 3885 1303 3938 sq.

396 3953 423 4023 2)
442 3954 497 4019 Qui
514 3955 631 4010 honeris
651 3969 736 4009 eausa
754 3969 771 4010 a
789 3956 1128 4011 01011010100110110001.

394 4039 420 4110 3)
440 4041 576 4096 Similiter
592 4042 697 4109 Ephesi
715 4042 927 4110 distinguuntur
943 4044 1061 4110 πάροικοι
1089 4044 1174 4109 atque
1192 4041 1363 4110 ἐξελεύθεροι
1381 4041 1414 4096 uf.

292 4126 361 4180 Ditt.
381 4126 448 4195 Syll.
467 4143 493 4181 n.
513 4129 564 4181 253
581 4143 607 4182 v.
626 4129 662 4181 44
679 4142 719 4196 sq.
738 4129 802 4188 τοὺς
817 4129 946 4188 ἰσοτελεῖς
965 4128 1007 4180 καὶ
1033 4127 1176 4196 παροίκους
1200 4127 1241 4179 καὶ
1268 4129 1359 4196 ἱεροὺς
1372 4127 1415 4180 καὶ

293 4211 488 4279 ἐξελευθέρους
503 4213 544 4264 καί
563 4213 657 4273 ξένους
673 4215 706 4268 01.
724 4213 875 4278 Menadier,
897 4213 959 4278 Qua
977 4213 1143 4268 eondielone
1160 4213 1275 4280 Ephesii
1293 4215 1340 4268 001
1357 4213 1417 4268 0101

292 4297 346 4349 ete.
364 4295 456 4350 Berol.
478 4297 545 4352 1880
562 4312 587 4365 p.
607 4298 631 4351 9.

279 4407 282 4412 ·
394 4381 421 4450 4)
440 4397 466 4436 n.
486 4383 519 4436 18
536 4395 563 4436 0.
582 4384 599 4436 3
616 4389 745 4452 παροικῶν
763 4385 795 4452 ἐγ
812 4380 953 4454 Καρι9οίᾳ;
971 4399 997 4437 0.
1016 4384 1050 4438 66
1068 4397 1094 4438 v.
1114 4385 1148 4438 10
1163 4383 1286 4447 μέτοικοι.
