<?xml version="1.0" encoding="UTF-8"?>
<!DOCTYPE html PUBLIC "-//W3C//DTD XHTML 1.0 Transitional//EN"
    "http://www.w3.org/TR/xhtml1/DTD/xhtml1-transitional.dtd">
<html xmlns="http://www.w3.org/1999/xhtml" xml:lang="en" lang="en">
 <head>
  <title>
</title>
<meta http-equiv="Content-Type" content="text/html;charset=utf-8" />
  <meta name='ocr-system' content='tesseract 3.04.00' />
  <meta name='ocr-capabilities' content='ocr_page ocr_carea ocr_par ocr_line ocrx_word'/>
</head>
<body>
  <div class='ocr_page' id='page_1' title='image "./deceiinsulaereb00pridgoog_0064.png"; bbox 0 0 3336 5314; ppageno 0'>
   <div class='ocr_carea' id='block_1_1' title="bbox 781 500 820 562">
    <p class='ocr_par' dir='ltr' id='par_1_1' title="bbox 781 500 820 562">
     <span class='ocr_line' id='line_1_1' title="bbox 781 500 820 562; baseline 0 0"><span class='ocrx_word' id='word_1_1' title='bbox 781 500 820 562; x_wconf 84' lang='lat'><strong>51</strong></span> 
     </span>
    </p>
   </div>
   <div class='ocr_carea' id='block_1_2' title="bbox 227 687 1362 789">
    <p class='ocr_par' dir='ltr' id='par_1_2' title="bbox 227 687 1362 789">
     <span class='ocr_line' id='line_1_2' title="bbox 227 687 1362 789; baseline -0.002 -19"><span class='ocrx_word' id='word_1_2' title='bbox 227 705 331 770; x_wconf 69' lang='lat' dir='ltr'><strong>uerbo</strong></span> <span class='ocrx_word' id='word_1_3' title='bbox 355 705 618 789; x_wconf 87' lang='lat' dir='ltr'><strong>amphictyoniam</strong></span> <span class='ocrx_word' id='word_1_4' title='bbox 640 705 885 783; x_wconf 84' lang='lat' dir='ltr'><strong>commemorari,</strong></span> <span class='ocrx_word' id='word_1_5' title='bbox 900 703 932 768; x_wconf 92' lang='lat' dir='ltr'><strong>id</strong></span> <span class='ocrx_word' id='word_1_6' title='bbox 956 702 1038 786; x_wconf 93' lang='lat' dir='ltr'><strong>quod</strong></span> <span class='ocrx_word' id='word_1_7' title='bbox 1061 719 1155 786; x_wconf 90' lang='lat' dir='ltr'><strong>supra</strong></span> <span class='ocrx_word' id='word_1_8' title='bbox 1178 702 1216 768; x_wconf 89' lang='lat' dir='ltr'><strong>de</strong></span> <span class='ocrx_word' id='word_1_9' title='bbox 1232 687 1362 768; x_wconf 81' lang='lat' dir='ltr'><strong>Oeomm</strong></span> 
     </span>
    </p>
   </div>
   <div class='ocr_carea' id='block_1_3' title="bbox 104 797 1486 873">
    <p class='ocr_par' dir='ltr' id='par_1_3' title="bbox 104 797 1486 873">
     <span class='ocr_line' id='line_1_3' title="bbox 104 797 1486 873; baseline 0 -1"><span class='ocrx_word' id='word_1_10' title='bbox 104 857 108 864; x_wconf 91' lang='lat'><em>.</em></span> <span class='ocrx_word' id='word_1_11' title='bbox 229 809 343 873; x_wconf 79' lang='lat' dir='ltr'><strong>titulis</strong></span> <span class='ocrx_word' id='word_1_12' title='bbox 363 806 509 873; x_wconf 88' lang='lat' dir='ltr'><strong>vidimus.</strong></span> <span class='ocrx_word' id='word_1_13' title='bbox 553 805 681 871; x_wconf 75' lang='lat' dir='ltr'><strong>Aetolos</strong></span> <span class='ocrx_word' id='word_1_14' title='bbox 712 807 807 872; x_wconf 85' lang='lat' dir='ltr'><strong>etiarn</strong></span> <span class='ocrx_word' id='word_1_15' title='bbox 829 805 918 870; x_wconf 91' lang='lat' dir='ltr'><strong>initio</strong></span> <span class='ocrx_word' id='word_1_16' title='bbox 943 805 972 870; x_wconf 96' lang='lat' dir='ltr'><strong>II</strong></span> <span class='ocrx_word' id='word_1_17' title='bbox 998 824 1023 869; x_wconf 90' lang='lat' dir='ltr'><strong>s.</strong></span> <span class='ocrx_word' id='word_1_18' title='bbox 1046 803 1180 870; x_wconf 81' lang='grc' dir='ltr'>ἀσυλίαν</span> <span class='ocrx_word' id='word_1_19' title='bbox 1202 805 1362 872; x_wconf 76' lang='lat' dir='ltr'><strong>decernere</strong></span> <span class='ocrx_word' id='word_1_20' title='bbox 1424 797 1426 802; x_wconf 72' lang='grc'><strong>’</strong></span> <span class='ocrx_word' id='word_1_21' title='bbox 1484 823 1486 828; x_wconf 93' lang='grc'><strong><em>·</em></strong></span> 
     </span>
    </p>
   </div>
   <div class='ocr_carea' id='block_1_4' title="bbox 218 909 1366 1508">
    <p class='ocr_par' dir='ltr' id='par_1_4' title="bbox 218 909 1366 1508">
     <span class='ocr_line' id='line_1_4' title="bbox 230 909 1363 995; baseline -0.001 -18"><span class='ocrx_word' id='word_1_22' title='bbox 230 912 377 995; x_wconf 89' lang='lat' dir='ltr'><strong>potuisse</strong></span> <span class='ocrx_word' id='word_1_23' title='bbox 400 931 438 974; x_wconf 85' lang='lat' dir='ltr'><strong>ex</strong></span> <span class='ocrx_word' id='word_1_24' title='bbox 460 929 492 975; x_wconf 90' lang='lat' dir='ltr'><strong>se</strong></span> <span class='ocrx_word' id='word_1_25' title='bbox 514 910 708 991; x_wconf 85' lang='lat' dir='ltr'><strong>intellegitur</strong></span> <span class='ocrx_word' id='word_1_26' title='bbox 730 909 873 992; x_wconf 87' lang='lat' dir='ltr'><strong>neglecto</strong></span> <span class='ocrx_word' id='word_1_27' title='bbox 896 909 1042 974; x_wconf 82' lang='lat' dir='ltr'><strong>Teiorum</strong></span> <span class='ocrx_word' id='word_1_28' title='bbox 1072 909 1182 974; x_wconf 90' lang='lat' dir='ltr'><strong>titulo:</strong></span> <span class='ocrx_word' id='word_1_29' title='bbox 1215 910 1363 990; x_wconf 61' lang='lat' dir='ltr'><strong>gavasi-</strong></span> 
     </span>
     <span class='ocr_line' id='line_1_5' title="bbox 231 1012 1364 1100; baseline -0.001 -22"><span class='ocrx_word' id='word_1_30' title='bbox 231 1033 327 1079; x_wconf 88' lang='lat' dir='ltr'><strong>·mum</strong></span> <span class='ocrx_word' id='word_1_31' title='bbox 350 1015 455 1078; x_wconf 72' lang='lat' dir='ltr'><strong>subm</strong></span> <span class='ocrx_word' id='word_1_32' title='bbox 487 1013 652 1078; x_wconf 78' lang='lat' dir='ltr'><strong>discrimen</strong></span> <span class='ocrx_word' id='word_1_33' title='bbox 683 1014 765 1078; x_wconf 84' lang='lat' dir='ltr'><strong>Inter</strong></span> <span class='ocrx_word' id='word_1_34' title='bbox 784 1012 903 1100; x_wconf 63' lang='lat' dir='ltr'><strong>:titulos</strong></span> <span class='ocrx_word' id='word_1_35' title='bbox 934 1012 1006 1078; x_wconf 89' lang='lat' dir='ltr'><strong>illos</strong></span> <span class='ocrx_word' id='word_1_36' title='bbox 1040 1014 1088 1077; x_wconf 88' lang='lat' dir='ltr'><strong>est</strong></span> <span class='ocrx_word' id='word_1_37' title='bbox 1117 1013 1364 1097; x_wconf 84' lang='lat' dir='ltr'><strong>amphictyoniae</strong></span> 
     </span>
     <span class='ocr_line' id='line_1_6' title="bbox 240 1113 1365 1198; baseline -0.003 -16"><span class='ocrx_word' id='word_1_38' title='bbox 240 1117 369 1196; x_wconf 79' lang='lat' dir='ltr'><strong>mentio,</strong></span> <span class='ocrx_word' id='word_1_39' title='bbox 384 1135 478 1198; x_wconf 85' lang='lat' dir='ltr'><strong>quam</strong></span> <span class='ocrx_word' id='word_1_40' title='bbox 492 1116 620 1180; x_wconf 89' lang='lat' dir='ltr'><strong>minime</strong></span> <span class='ocrx_word' id='word_1_41' title='bbox 635 1115 760 1180; x_wconf 80' lang='lat' dir='ltr'><strong>levioris</strong></span> <span class='ocrx_word' id='word_1_42' title='bbox 775 1113 927 1180; x_wconf 79' lang='lat' dir='ltr'><strong>momenti</strong></span> <span class='ocrx_word' id='word_1_43' title='bbox 941 1113 1054 1180; x_wconf 90' lang='lat' dir='ltr'><strong>habere</strong></span> <span class='ocrx_word' id='word_1_44' title='bbox 1067 1113 1226 1178; x_wconf 85' lang='lat' dir='ltr'><strong>debemus.</strong></span> <span class='ocrx_word' id='word_1_45' title='bbox 1269 1114 1365 1180; x_wconf 89' lang='lat' dir='ltr'><strong>Prae-</strong></span> 
     </span>
     <span class='ocr_line' id='line_1_7' title="bbox 218 1216 1364 1284; baseline -0.002 0"><span class='ocrx_word' id='word_1_46' title='bbox 218 1221 325 1284; x_wconf 84' lang='lat' dir='ltr'><strong>·torea</strong></span> <span class='ocrx_word' id='word_1_47' title='bbox 347 1218 452 1284; x_wconf 88' lang='lat' dir='ltr'><strong>Aetoli</strong></span> <span class='ocrx_word' id='word_1_48' title='bbox 473 1219 504 1282; x_wconf 94' lang='lat' dir='ltr'><strong>in</strong></span> <span class='ocrx_word' id='word_1_49' title='bbox 529 1217 659 1284; x_wconf 84' lang='lat' dir='ltr'><strong>Georum</strong></span> <span class='ocrx_word' id='word_1_50' title='bbox 682 1218 783 1282; x_wconf 89' lang='lat' dir='ltr'><strong>titulis</strong></span> <span class='ocrx_word' id='word_1_51' title='bbox 807 1217 932 1284; x_wconf 86' lang='lat' dir='ltr'><strong>decreta</strong></span> <span class='ocrx_word' id='word_1_52' title='bbox 953 1216 1010 1280; x_wconf 91' lang='lat' dir='ltr'><strong>illa</strong></span> <span class='ocrx_word' id='word_1_53' title='bbox 1041 1217 1180 1282; x_wconf 86' lang='lat' dir='ltr'><strong>iecerunt</strong></span> <span class='ocrx_word' id='word_1_54' title='bbox 1210 1235 1272 1281; x_wconf 90' lang='lat' dir='ltr'><strong>una</strong></span> <span class='ocrx_word' id='word_1_55' title='bbox 1294 1236 1364 1284; x_wconf 87' lang='lat' dir='ltr'><strong>cum</strong></span> 
     </span>
     <span class='ocr_line' id='line_1_8' title="bbox 237 1317 1364 1404; baseline -0.002 -18"><span class='ocrx_word' id='word_1_56' title='bbox 237 1321 434 1404; x_wconf 75' lang='lat' dir='ltr'><strong>Naupactiis</strong></span> <span class='ocrx_word' id='word_1_57' title='bbox 459 1339 590 1403; x_wconf 92' lang='lat' dir='ltr'><strong>quornm</strong></span> <span class='ocrx_word' id='word_1_58' title='bbox 612 1321 714 1386; x_wconf 87' lang='lat' dir='ltr'><strong>artam</strong></span> <span class='ocrx_word' id='word_1_59' title='bbox 736 1338 807 1385; x_wconf 90' lang='lat' dir='ltr'><strong>cum</strong></span> <span class='ocrx_word' id='word_1_60' title='bbox 829 1318 899 1386; x_wconf 82' lang='lat' dir='ltr'><strong>Cois</strong></span> <span class='ocrx_word' id='word_1_61' title='bbox 914 1317 1173 1384; x_wconf 87' lang='lat' dir='ltr'><strong>necessitudinem</strong></span> <span class='ocrx_word' id='word_1_62' title='bbox 1191 1318 1251 1384; x_wconf 90' lang='lat' dir='ltr'><strong>sihi</strong></span> <span class='ocrx_word' id='word_1_63' title='bbox 1273 1319 1364 1384; x_wconf 89' lang='lat' dir='ltr'><strong>adro-</strong></span> 
     </span>
     <span class='ocr_line' id='line_1_9' title="bbox 237 1409 1366 1508; baseline -0.001 -19"><span class='ocrx_word' id='word_1_64' title='bbox 237 1424 408 1508; x_wconf 86' lang='lat' dir='ltr'><strong>gaverant:</strong></span> <span class='ocrx_word' id='word_1_65' title='bbox 431 1423 512 1505; x_wconf 90' lang='lat' dir='ltr'><strong>quod</strong></span> <span class='ocrx_word' id='word_1_66' title='bbox 535 1424 606 1505; x_wconf 87' lang='lat' dir='ltr'><strong>post</strong></span> <span class='ocrx_word' id='word_1_67' title='bbox 627 1424 745 1490; x_wconf 89' lang='lat' dir='ltr'><strong>bellum</strong></span> <span class='ocrx_word' id='word_1_68' title='bbox 769 1443 840 1488; x_wconf 91' lang='lat' dir='ltr'><strong>cum</strong></span> <span class='ocrx_word' id='word_1_69' title='bbox 862 1422 953 1489; x_wconf 89' lang='lat' dir='ltr'><strong>sociis</strong></span> <span class='ocrx_word' id='word_1_70' title='bbox 984 1424 1108 1506; x_wconf 87' lang='lat' dir='ltr'><strong>gestum</strong></span> <span class='ocrx_word' id='word_1_71' title='bbox 1139 1409 1206 1486; x_wconf 80' lang='lat' dir='ltr'><strong>fi&#39;eri</strong></span> <span class='ocrx_word' id='word_1_72' title='bbox 1228 1421 1366 1504; x_wconf 85' lang='lat' dir='ltr'><strong>potuisse</strong></span> 
     </span>
    </p>
   </div>
   <div class='ocr_carea' id='block_1_5' title="bbox 238 1523 1486 1609">
    <p class='ocr_par' dir='ltr' id='par_1_5' title="bbox 238 1523 1486 1609">
     <span class='ocr_line' id='line_1_10' title="bbox 238 1523 1486 1609; baseline -0.006 -17"><span class='ocrx_word' id='word_1_73' title='bbox 238 1545 328 1609; x_wconf 89' lang='lat' dir='ltr'><strong>nego.</strong></span> <span class='ocrx_word' id='word_1_74' title='bbox 373 1525 484 1592; x_wconf 89' lang='lat' dir='ltr'><strong>Restat</strong></span> <span class='ocrx_word' id='word_1_75' title='bbox 506 1525 637 1608; x_wconf 89' lang='lat' dir='ltr'><strong>denique</strong></span> <span class='ocrx_word' id='word_1_76' title='bbox 660 1527 753 1592; x_wconf 86' lang='lat' dir='ltr'><strong>tertia</strong></span> <span class='ocrx_word' id='word_1_77' title='bbox 776 1545 877 1602; x_wconf 89' lang='lat' dir='ltr'><strong>causa,</strong></span> <span class='ocrx_word' id='word_1_78' title='bbox 900 1526 938 1591; x_wconf 90' lang='lat' dir='ltr'><strong>de</strong></span> <span class='ocrx_word' id='word_1_79' title='bbox 960 1543 1021 1608; x_wconf 90' lang='lat' dir='ltr'><strong>qua</strong></span> <span class='ocrx_word' id='word_1_80' title='bbox 1050 1524 1143 1607; x_wconf 86' lang='lat' dir='ltr'><strong>paulo</strong></span> <span class='ocrx_word' id='word_1_81' title='bbox 1170 1524 1295 1590; x_wconf 79' lang='lat' dir='ltr'><strong>cherlus</strong></span> <span class='ocrx_word' id='word_1_82' title='bbox 1317 1523 1366 1589; x_wconf 90' lang='lat' dir='ltr'><strong>di·</strong></span> <span class='ocrx_word' id='word_1_83' title='bbox 1484 1565 1486 1570; x_wconf 88' lang='lat'>-</span> 
     </span>
    </p>
   </div>
   <div class='ocr_carea' id='block_1_6' title="bbox 232 1629 1370 2432">
    <p class='ocr_par' dir='ltr' id='par_1_6' title="bbox 232 1629 537 1694">
     <span class='ocr_line' id='line_1_11' title="bbox 232 1629 537 1694; baseline -0.007 -1"><span class='ocrx_word' id='word_1_84' title='bbox 232 1647 309 1694; x_wconf 86' lang='lat' dir='ltr'><strong>cam</strong></span> <span class='ocrx_word' id='word_1_85' title='bbox 333 1647 457 1694; x_wconf 86' lang='lat' dir='ltr'><strong>necesse</strong></span> <span class='ocrx_word' id='word_1_86' title='bbox 480 1629 537 1694; x_wconf 89' lang='lat' dir='ltr'><strong>est.</strong></span> 
     </span>
    </p>

    <p class='ocr_par' dir='ltr' id='par_1_7' title="bbox 234 1728 1370 2432">
     <span class='ocr_line' id='line_1_12' title="bbox 346 1728 1366 1814; baseline -0.003 -19"><span class='ocrx_word' id='word_1_87' title='bbox 346 1730 571 1814; x_wconf 85' lang='lat' dir='ltr'><strong>Aegyptiorum</strong></span> <span class='ocrx_word' id='word_1_88' title='bbox 595 1731 678 1796; x_wconf 91' lang='lat' dir='ltr'><strong>enim</strong></span> <span class='ocrx_word' id='word_1_89' title='bbox 700 1751 753 1797; x_wconf 85' lang='lat' dir='ltr'><strong>rer</strong></span> <span class='ocrx_word' id='word_1_90' title='bbox 775 1732 972 1800; x_wconf 89' lang='lat' dir='ltr'><strong>Ptolemaeus</strong></span> <span class='ocrx_word' id='word_1_91' title='bbox 994 1731 1042 1796; x_wconf 86' lang='lat' dir='ltr'><strong>IV</strong></span> <span class='ocrx_word' id='word_1_92' title='bbox 1057 1730 1240 1814; x_wconf 76' lang='lat' dir='ltr'><strong>Philopator</strong></span> <span class='ocrx_word' id='word_1_93' title='bbox 1256 1749 1283 1794; x_wconf 92' lang='lat' dir='ltr'><strong>a.</strong></span> <span class='ocrx_word' id='word_1_94' title='bbox 1302 1728 1366 1795; x_wconf 83' lang='lat'><strong>205</strong></span> 
     </span>
     <span class='ocr_line' id='line_1_13' title="bbox 234 1833 1366 1919; baseline 0 -21"><span class='ocrx_word' id='word_1_95' title='bbox 234 1835 383 1900; x_wconf 86' lang='lat' dir='ltr'><strong>mortuus</strong></span> <span class='ocrx_word' id='word_1_96' title='bbox 407 1835 463 1912; x_wconf 74' lang='lat' dir='ltr'><strong>est</strong></span> <span class='ocrx_word' id='word_1_97' title='bbox 486 1837 574 1919; x_wconf 89' lang='lat' dir='ltr'><strong>regni</strong></span> <span class='ocrx_word' id='word_1_98' title='bbox 596 1837 700 1902; x_wconf 90' lang='lat' dir='ltr'><strong>autem</strong></span> <span class='ocrx_word' id='word_1_99' title='bbox 723 1853 879 1902; x_wconf 76' lang='lat' dir='ltr'><strong>successor</strong></span> <span class='ocrx_word' id='word_1_100' title='bbox 902 1835 968 1900; x_wconf 91' lang='lat' dir='ltr'><strong>erat</strong></span> <span class='ocrx_word' id='word_1_101' title='bbox 990 1835 1102 1914; x_wconf 86' lang='lat' dir='ltr'><strong>infans,</strong></span> <span class='ocrx_word' id='word_1_102' title='bbox 1119 1835 1315 1899; x_wconf 89' lang='lat' dir='ltr'><strong>Ptolemaeus</strong></span> <span class='ocrx_word' id='word_1_103' title='bbox 1337 1833 1366 1898; x_wconf 86' lang='lat' dir='ltr'>V</span> 
     </span>
     <span class='ocr_line' id='line_1_14' title="bbox 242 1936 1367 2022; baseline 0.003 -23"><span class='ocrx_word' id='word_1_104' title='bbox 242 1936 432 2018; x_wconf 75' lang='lat' dir='ltr'><strong>Epiphanes.</strong></span> <span class='ocrx_word' id='word_1_105' title='bbox 476 1937 554 2003; x_wconf 80' lang='lat' dir='ltr'><strong>Eam</strong></span> <span class='ocrx_word' id='word_1_106' title='bbox 578 1939 769 2004; x_wconf 86' lang='lat' dir='ltr'><strong>occasionem</strong></span> <span class='ocrx_word' id='word_1_107' title='bbox 799 1957 888 2021; x_wconf 90' lang='lat' dir='ltr'><strong>roges</strong></span> <span class='ocrx_word' id='word_1_108' title='bbox 920 1937 1068 2022; x_wconf 84' lang='lat' dir='ltr'><strong>Syrorum</strong></span> <span class='ocrx_word' id='word_1_109' title='bbox 1099 1939 1131 2002; x_wconf 91' lang='lat' dir='ltr'><strong>et</strong></span> <span class='ocrx_word' id='word_1_110' title='bbox 1153 1937 1367 2014; x_wconf 82' lang='lat' dir='ltr'><strong>Macedonum,</strong></span> 
     </span>
     <span class='ocr_line' id='line_1_15' title="bbox 244 2039 1368 2124; baseline 0.002 -22"><span class='ocrx_word' id='word_1_111' title='bbox 244 2039 417 2106; x_wconf 84' lang='lat' dir='ltr'><strong>Antiochus</strong></span> <span class='ocrx_word' id='word_1_112' title='bbox 440 2042 487 2106; x_wconf 94' lang='lat' dir='ltr'><strong>III</strong></span> <span class='ocrx_word' id='word_1_113' title='bbox 510 2045 542 2106; x_wconf 84' lang='lat' dir='ltr'><strong>et</strong></span> <span class='ocrx_word' id='word_1_114' title='bbox 564 2042 729 2124; x_wconf 90' lang='lat' dir='ltr'><strong>Philippos</strong></span> <span class='ocrx_word' id='word_1_115' title='bbox 751 2042 780 2105; x_wconf 89' lang='lat' dir='ltr'>V</span> <span class='ocrx_word' id='word_1_116' title='bbox 802 2061 862 2107; x_wconf 95' lang='lat' dir='ltr'><strong>non</strong></span> <span class='ocrx_word' id='word_1_117' title='bbox 885 2042 1195 2124; x_wconf 87' lang='lat' dir='ltr'><strong>praetermIttondem</strong></span> <span class='ocrx_word' id='word_1_118' title='bbox 1220 2040 1282 2106; x_wconf 91' lang='lat' dir='ltr'><strong>rati</strong></span> <span class='ocrx_word' id='word_1_119' title='bbox 1302 2039 1368 2104; x_wconf 86' lang='lat' dir='ltr'><strong>foe-</strong></span> 
     </span>
     <span class='ocr_line' id='line_1_16' title="bbox 235 2142 1366 2225; baseline 0.002 -19"><span class='ocrx_word' id='word_1_120' title='bbox 235 2143 302 2206; x_wconf 89' lang='lat' dir='ltr'><strong>dus</strong></span> <span class='ocrx_word' id='word_1_121' title='bbox 337 2143 474 2208; x_wconf 88' lang='lat' dir='ltr'><strong>inierunt</strong></span> <span class='ocrx_word' id='word_1_122' title='bbox 505 2143 555 2208; x_wconf 92' lang='lat' dir='ltr'><strong>his</strong></span> <span class='ocrx_word' id='word_1_123' title='bbox 592 2143 834 2222; x_wconf 73' lang='lat' dir='ltr'><strong>condicionibus,</strong></span> <span class='ocrx_word' id='word_1_124' title='bbox 870 2144 906 2208; x_wconf 91' lang='lat' dir='ltr'><strong>ut</strong></span> <span class='ocrx_word' id='word_1_125' title='bbox 942 2143 1115 2210; x_wconf 89' lang='lat' dir='ltr'><strong>Antiochus</strong></span> <span class='ocrx_word' id='word_1_126' title='bbox 1149 2142 1366 2225; x_wconf 74' lang='lat' dir='ltr'><strong>Coelesyriem</strong></span> 
     </span>
     <span class='ocr_line' id='line_1_17' title="bbox 245 2243 1368 2329; baseline 0.001 -21"><span class='ocrx_word' id='word_1_127' title='bbox 245 2244 445 2311; x_wconf 88' lang='lat' dir='ltr'><strong>Phoeniciam</strong></span> <span class='ocrx_word' id='word_1_128' title='bbox 468 2247 536 2320; x_wconf 80' lang='lat' dir='ltr'><strong>etc,</strong></span> <span class='ocrx_word' id='word_1_129' title='bbox 560 2247 725 2329; x_wconf 89' lang='lat' dir='ltr'><strong>Philippus</strong></span> <span class='ocrx_word' id='word_1_130' title='bbox 747 2265 832 2311; x_wconf 91' lang='lat' dir='ltr'><strong>mare</strong></span> <span class='ocrx_word' id='word_1_131' title='bbox 856 2246 1016 2328; x_wconf 75' lang='lat' dir='ltr'><strong>Aegaeum</strong></span> <span class='ocrx_word' id='word_1_132' title='bbox 1038 2248 1070 2311; x_wconf 91' lang='lat' dir='ltr'><strong>et</strong></span> <span class='ocrx_word' id='word_1_133' title='bbox 1091 2245 1329 2327; x_wconf 85' lang='lat' dir='ltr'><strong>Hellespontum</strong></span> <span class='ocrx_word' id='word_1_134' title='bbox 1342 2243 1368 2327; x_wconf 81' lang='lat'><strong>¹)</strong></span> 
     </span>
     <span class='ocr_line' id='line_1_18' title="bbox 237 2347 1370 2432; baseline 0.001 -21"><span class='ocrx_word' id='word_1_135' title='bbox 237 2348 418 2430; x_wconf 87' lang='lat' dir='ltr'><strong>occuparet.</strong></span> <span class='ocrx_word' id='word_1_136' title='bbox 463 2348 499 2412; x_wconf 93' lang='lat' dir='ltr'><strong>Id</strong></span> <span class='ocrx_word' id='word_1_137' title='bbox 521 2347 635 2413; x_wconf 86' lang='lat' dir='ltr'><strong>Rhodii</strong></span> <span class='ocrx_word' id='word_1_138' title='bbox 658 2367 731 2414; x_wconf 89' lang='lat' dir='ltr'><strong>sane</strong></span> <span class='ocrx_word' id='word_1_139' title='bbox 754 2348 918 2415; x_wconf 88' lang='lat' dir='ltr'><strong>concedere</strong></span> <span class='ocrx_word' id='word_1_140' title='bbox 947 2367 1008 2414; x_wconf 93' lang='lat' dir='ltr'><strong>non</strong></span> <span class='ocrx_word' id='word_1_141' title='bbox 1039 2350 1182 2432; x_wconf 82' lang='lat' dir='ltr'><strong>poterant</strong></span> <span class='ocrx_word' id='word_1_142' title='bbox 1203 2348 1296 2430; x_wconf 90' lang='lat' dir='ltr'><strong>atque</strong></span> <span class='ocrx_word' id='word_1_143' title='bbox 1319 2366 1370 2412; x_wconf 89' lang='lat' dir='ltr'><strong>so·</strong></span> 
     </span>
    </p>
   </div>
   <div class='ocr_carea' id='block_1_7' title="bbox 236 2449 1490 2536">
    <p class='ocr_par' dir='ltr' id='par_1_8' title="bbox 236 2449 1490 2536">
     <span class='ocr_line' id='line_1_19' title="bbox 236 2449 1490 2536; baseline 0.001 -22"><span class='ocrx_word' id='word_1_144' title='bbox 236 2450 357 2516; x_wconf 86' lang='lat' dir='ltr'><strong>-cletete</strong></span> <span class='ocrx_word' id='word_1_145' title='bbox 380 2470 450 2515; x_wconf 92' lang='lat' dir='ltr'><strong>cum</strong></span> <span class='ocrx_word' id='word_1_146' title='bbox 473 2451 736 2535; x_wconf 85' lang='lat' dir='ltr'><strong>Pergamenorum</strong></span> <span class='ocrx_word' id='word_1_147' title='bbox 757 2469 831 2536; x_wconf 85' lang='lat' dir='ltr'><strong>rege</strong></span> <span class='ocrx_word' id='word_1_148' title='bbox 853 2451 962 2516; x_wconf 89' lang='lat' dir='ltr'><strong>Attalo</strong></span> <span class='ocrx_word' id='word_1_149' title='bbox 975 2451 1083 2516; x_wconf 87' lang='lat' dir='ltr'><strong>iuncta</strong></span> <span class='ocrx_word' id='word_1_150' title='bbox 1104 2450 1250 2532; x_wconf 91' lang='lat' dir='ltr'><strong>Philippo</strong></span> <span class='ocrx_word' id='word_1_151' title='bbox 1271 2449 1370 2516; x_wconf 89' lang='lat' dir='ltr'><strong>obsti·</strong></span> <span class='ocrx_word' id='word_1_152' title='bbox 1481 2503 1490 2534; x_wconf 63' lang='grc'>,</span> 
     </span>
    </p>
   </div>
   <div class='ocr_carea' id='block_1_8' title="bbox 242 2553 1371 2742">
    <p class='ocr_par' dir='ltr' id='par_1_9' title="bbox 242 2553 1371 2742">
     <span class='ocr_line' id='line_1_20' title="bbox 242 2553 1370 2638; baseline 0.001 -22"><span class='ocrx_word' id='word_1_153' title='bbox 242 2554 358 2619; x_wconf 87' lang='lat' dir='ltr'><strong>terunt.</strong></span> <span class='ocrx_word' id='word_1_154' title='bbox 403 2555 464 2621; x_wconf 89' lang='lat' dir='ltr'><strong>Sed</strong></span> <span class='ocrx_word' id='word_1_155' title='bbox 486 2555 609 2638; x_wconf 88' lang='lat' dir='ltr'><strong>singula</strong></span> <span class='ocrx_word' id='word_1_156' title='bbox 631 2556 775 2638; x_wconf 83' lang='lat' dir='ltr'><strong>persequi</strong></span> <span class='ocrx_word' id='word_1_157' title='bbox 798 2574 870 2620; x_wconf 90' lang='lat' dir='ltr'><strong>cum</strong></span> <span class='ocrx_word' id='word_1_158' title='bbox 891 2574 909 2620; x_wconf 91' lang='lat' dir='ltr'><strong>a</strong></span> <span class='ocrx_word' id='word_1_159' title='bbox 931 2555 1088 2637; x_wconf 88' lang='lat' dir='ltr'><strong>proposito</strong></span> <span class='ocrx_word' id='word_1_160' title='bbox 1109 2553 1280 2631; x_wconf 78' lang='lat' dir='ltr'><strong>abhorreat</strong></span> <span class='ocrx_word' id='word_1_161' title='bbox 1304 2570 1370 2618; x_wconf 90' lang='lat' dir='ltr'><strong>mo·</strong></span> 
     </span>
     <span class='ocr_line' id='line_1_21' title="bbox 243 2656 1371 2742; baseline 0.001 -23"><span class='ocrx_word' id='word_1_162' title='bbox 243 2656 351 2720; x_wconf 86' lang='lat' dir='ltr'><strong>nuisse</strong></span> <span class='ocrx_word' id='word_1_163' title='bbox 372 2657 490 2721; x_wconf 76' lang='lat' dir='ltr'><strong>suflicit</strong></span> <span class='ocrx_word' id='word_1_164' title='bbox 511 2657 694 2740; x_wconf 89' lang='lat' dir='ltr'><strong>Philippum</strong></span> <span class='ocrx_word' id='word_1_165' title='bbox 716 2660 816 2741; x_wconf 91' lang='lat' dir='ltr'><strong>primo</strong></span> <span class='ocrx_word' id='word_1_166' title='bbox 839 2677 985 2742; x_wconf 85' lang='lat' dir='ltr'><strong>prospere</strong></span> <span class='ocrx_word' id='word_1_167' title='bbox 1007 2676 1160 2742; x_wconf 82' lang='lat' dir='ltr'><strong>pugnasse</strong></span> <span class='ocrx_word' id='word_1_168' title='bbox 1175 2657 1268 2739; x_wconf 89' lang='lat' dir='ltr'><strong>atque</strong></span> <span class='ocrx_word' id='word_1_169' title='bbox 1283 2657 1371 2721; x_wconf 86' lang='lat' dir='ltr'><strong>iussu</strong></span> 
     </span>
    </p>
   </div>
   <div class='ocr_carea' id='block_1_9' title="bbox 237 2758 1469 2845">
    <p class='ocr_par' dir='ltr' id='par_1_10' title="bbox 237 2758 1469 2845">
     <span class='ocr_line' id='line_1_22' title="bbox 237 2758 1469 2845; baseline 0.002 -24"><span class='ocrx_word' id='word_1_170' title='bbox 237 2758 313 2845; x_wconf 81' lang='lat' dir='ltr'><strong>eius</strong></span> <span class='ocrx_word' id='word_1_171' title='bbox 337 2759 518 2824; x_wconf 88' lang='lat' dir='ltr'><strong>Aetolorum</strong></span> <span class='ocrx_word' id='word_1_172' title='bbox 540 2759 727 2842; x_wconf 88' lang='lat' dir='ltr'><strong>praedonem</strong></span> <span class='ocrx_word' id='word_1_173' title='bbox 758 2761 982 2826; x_wconf 82' lang='lat' dir='ltr'><strong>Dicaearchum</strong></span> <span class='ocrx_word' id='word_1_174' title='bbox 1013 2761 1131 2824; x_wconf 89' lang='lat' dir='ltr'><strong>insulas</strong></span> <span class='ocrx_word' id='word_1_175' title='bbox 1153 2795 1195 2809; x_wconf 88' lang='lat'>-</span> <span class='ocrx_word' id='word_1_176' title='bbox 1217 2760 1371 2824; x_wconf 87' lang='lat' dir='ltr'><strong>intereas</strong></span> <span class='ocrx_word' id='word_1_177' title='bbox 1465 2814 1469 2823; x_wconf 92' lang='lat'><em>.</em></span> 
     </span>
    </p>
   </div>
   <div class='ocr_carea' id='block_1_10' title="bbox 238 2860 1374 4082">
    <p class='ocr_par' dir='ltr' id='par_1_11' title="bbox 238 2860 1374 4082">
     <span class='ocr_line' id='line_1_23' title="bbox 245 2860 1370 2946; baseline 0.003 -22"><span class='ocrx_word' id='word_1_178' title='bbox 245 2861 312 2925; x_wconf 88' lang='lat' dir='ltr'><strong>sino</strong></span> <span class='ocrx_word' id='word_1_179' title='bbox 335 2860 400 2925; x_wconf 92' lang='lat' dir='ltr'><strong>ulla</strong></span> <span class='ocrx_word' id='word_1_180' title='bbox 416 2861 607 2928; x_wconf 88' lang='lat' dir='ltr'><strong>dubitatione</strong></span> <span class='ocrx_word' id='word_1_181' title='bbox 622 2863 717 2928; x_wconf 88' lang='lat' dir='ltr'><strong>etiam</strong></span> <span class='ocrx_word' id='word_1_182' title='bbox 734 2861 839 2940; x_wconf 86' lang='lat' dir='ltr'><strong>Oeum,</strong></span> <span class='ocrx_word' id='word_1_183' title='bbox 863 2863 896 2928; x_wconf 90' lang='lat' dir='ltr'><strong>id</strong></span> <span class='ocrx_word' id='word_1_184' title='bbox 914 2863 995 2946; x_wconf 89' lang='lat' dir='ltr'><strong>qnod</strong></span> <span class='ocrx_word' id='word_1_185' title='bbox 1012 2863 1117 2928; x_wconf 86' lang='lat' dir='ltr'><strong>statim</strong></span> <span class='ocrx_word' id='word_1_186' title='bbox 1140 2861 1314 2927; x_wconf 86' lang='lat' dir='ltr'><strong>videbimus</strong></span> <span class='ocrx_word' id='word_1_187' title='bbox 1330 2897 1370 2908; x_wconf 91' lang='lat'><em>-</em></span> 
     </span>
     <span class='ocr_line' id='line_1_24' title="bbox 238 2963 1372 3049; baseline 0.002 -21"><span class='ocrx_word' id='word_1_188' title='bbox 238 2982 413 3046; x_wconf 88' lang='lat' dir='ltr'><strong>occupasse</strong></span> <span class='ocrx_word' id='word_1_189' title='bbox 437 2965 529 3047; x_wconf 87' lang='lat' dir='ltr'><strong>atque</strong></span> <span class='ocrx_word' id='word_1_190' title='bbox 552 2965 726 3049; x_wconf 89' lang='lat' dir='ltr'><strong>diripuisse.</strong></span> <span class='ocrx_word' id='word_1_191' title='bbox 770 2966 862 3031; x_wconf 91' lang='lat' dir='ltr'><strong>Anno</strong></span> <span class='ocrx_word' id='word_1_192' title='bbox 885 2965 1017 3048; x_wconf 89' lang='lat' dir='ltr'><strong>donique</strong></span> <span class='ocrx_word' id='word_1_193' title='bbox 1040 2963 1104 3029; x_wconf 81' lang='lat'><strong>200</strong></span> <span class='ocrx_word' id='word_1_194' title='bbox 1127 2985 1155 3030; x_wconf 91' lang='lat' dir='ltr'><strong>a.</strong></span> <span class='ocrx_word' id='word_1_195' title='bbox 1189 2963 1260 3030; x_wconf 82' lang='lat' dir='ltr'><strong>Chr.</strong></span> <span class='ocrx_word' id='word_1_196' title='bbox 1283 2983 1372 3030; x_wconf 80' lang='lat' dir='ltr'><strong>versa</strong></span> 
     </span>
     <span class='ocr_line' id='line_1_25' title="bbox 242 3067 1371 3154; baseline 0.002 -23"><span class='ocrx_word' id='word_1_197' title='bbox 242 3070 321 3132; x_wconf 89' lang='lat' dir='ltr'><strong>sunt</strong></span> <span class='ocrx_word' id='word_1_198' title='bbox 342 3067 455 3132; x_wconf 87' lang='lat' dir='ltr'><strong>omnia.</strong></span> <span class='ocrx_word' id='word_1_199' title='bbox 514 3068 719 3136; x_wconf 84' lang='lat' dir='ltr'><strong>Athenienses</strong></span> <span class='ocrx_word' id='word_1_200' title='bbox 742 3070 825 3134; x_wconf 89' lang='lat' dir='ltr'><strong>enim</strong></span> <span class='ocrx_word' id='word_1_201' title='bbox 855 3069 912 3134; x_wconf 92' lang='lat' dir='ltr'><strong>iIIo</strong></span> <span class='ocrx_word' id='word_1_202' title='bbox 934 3088 1014 3135; x_wconf 90' lang='lat' dir='ltr'><strong>anno</strong></span> <span class='ocrx_word' id='word_1_203' title='bbox 1045 3069 1172 3154; x_wconf 89' lang='lat' dir='ltr'><strong>indigno</strong></span> <span class='ocrx_word' id='word_1_204' title='bbox 1201 3067 1371 3148; x_wconf 80' lang='lat' dir='ltr'><strong>facinore²)</strong></span> 
     </span>
     <span class='ocr_line' id='line_1_26' title="bbox 246 3169 1372 3255; baseline 0.003 -22"><span class='ocrx_word' id='word_1_205' title='bbox 246 3169 387 3254; x_wconf 90' lang='lat' dir='ltr'><strong>Philippi</strong></span> <span class='ocrx_word' id='word_1_206' title='bbox 409 3173 513 3238; x_wconf 90' lang='lat' dir='ltr'><strong>odium</strong></span> <span class='ocrx_word' id='word_1_207' title='bbox 537 3174 569 3238; x_wconf 97' lang='lat' dir='ltr'><strong>in</strong></span> <span class='ocrx_word' id='word_1_208' title='bbox 593 3194 626 3239; x_wconf 92' lang='lat' dir='ltr'><strong>se</strong></span> <span class='ocrx_word' id='word_1_209' title='bbox 648 3177 873 3253; x_wconf 81' lang='lat' dir='ltr'><strong>contraxerunt,</strong></span> <span class='ocrx_word' id='word_1_210' title='bbox 896 3177 929 3240; x_wconf 92' lang='lat' dir='ltr'><strong>et</strong></span> <span class='ocrx_word' id='word_1_211' title='bbox 950 3174 1127 3239; x_wconf 87' lang='lat' dir='ltr'><strong>Acarnanes</strong></span> <span class='ocrx_word' id='word_1_212' title='bbox 1154 3173 1372 3255; x_wconf 89' lang='lat' dir='ltr'><strong>comprobante</strong></span> 
     </span>
     <span class='ocr_line' id='line_1_27' title="bbox 244 3273 1372 3357; baseline 0.002 -21"><span class='ocrx_word' id='word_1_213' title='bbox 244 3273 395 3356; x_wconf 88' lang='lat' dir='ltr'><strong>PhiIIppo</strong></span> <span class='ocrx_word' id='word_1_214' title='bbox 418 3278 511 3357; x_wconf 88' lang='lat' dir='ltr'><strong>atque</strong></span> <span class='ocrx_word' id='word_1_215' title='bbox 533 3277 739 3342; x_wconf 87' lang='lat' dir='ltr'><strong>Macedonum</strong></span> <span class='ocrx_word' id='word_1_216' title='bbox 761 3278 882 3342; x_wconf 84' lang='lat' dir='ltr'><strong>auxiliis</strong></span> <span class='ocrx_word' id='word_1_217' title='bbox 916 3276 1090 3342; x_wconf 85' lang='lat' dir='ltr'><strong>confirmati</strong></span> <span class='ocrx_word' id='word_1_218' title='bbox 1123 3276 1262 3340; x_wconf 87' lang='lat' dir='ltr'><strong>Atticam</strong></span> <span class='ocrx_word' id='word_1_219' title='bbox 1293 3275 1372 3339; x_wconf 85' lang='lat' dir='ltr'><strong>ferro</strong></span> 
     </span>
     <span class='ocr_line' id='line_1_28' title="bbox 244 3375 1372 3458; baseline 0.004 -21"><span class='ocrx_word' id='word_1_220' title='bbox 244 3375 375 3457; x_wconf 86' lang='lat' dir='ltr'><strong>ignique</strong></span> <span class='ocrx_word' id='word_1_221' title='bbox 398 3377 635 3458; x_wconf 85' lang='lat' dir='ltr'><strong>populaverunt.</strong></span> <span class='ocrx_word' id='word_1_222' title='bbox 688 3379 755 3458; x_wconf 71' lang='lat' dir='ltr'><strong>tluo</strong></span> <span class='ocrx_word' id='word_1_223' title='bbox 778 3379 860 3444; x_wconf 90' lang='lat' dir='ltr'><strong>facto</strong></span> <span class='ocrx_word' id='word_1_224' title='bbox 883 3378 1088 3444; x_wconf 89' lang='lat' dir='ltr'><strong>Athenienses</strong></span> <span class='ocrx_word' id='word_1_225' title='bbox 1110 3377 1265 3456; x_wconf 86' lang='lat' dir='ltr'><strong>Attalum,</strong></span> <span class='ocrx_word' id='word_1_226' title='bbox 1287 3377 1372 3442; x_wconf 90' lang='lat' dir='ltr'><strong>Rho-</strong></span> 
     </span>
     <span class='ocr_line' id='line_1_29' title="bbox 248 3479 1372 3567; baseline 0.003 -24"><span class='ocrx_word' id='word_1_227' title='bbox 248 3479 328 3558; x_wconf 79' lang='lat' dir='ltr'><strong>dios,</strong></span> <span class='ocrx_word' id='word_1_228' title='bbox 350 3480 523 3564; x_wconf 87' lang='lat' dir='ltr'><strong>Aegyptios</strong></span> <span class='ocrx_word' id='word_1_229' title='bbox 547 3482 775 3548; x_wconf 77' lang='lat' dir='ltr'><strong>advocaverunt</strong></span> <span class='ocrx_word' id='word_1_230' title='bbox 796 3484 889 3566; x_wconf 86' lang='lat' dir='ltr'><strong>atque</strong></span> <span class='ocrx_word' id='word_1_231' title='bbox 911 3483 1031 3567; x_wconf 88' lang='lat' dir='ltr'><strong>legatos</strong></span> <span class='ocrx_word' id='word_1_232' title='bbox 1054 3483 1185 3548; x_wconf 73' lang='lat' dir='ltr'><strong>Romm</strong></span> <span class='ocrx_word' id='word_1_233' title='bbox 1212 3481 1372 3560; x_wconf 76' lang='lat' dir='ltr'><strong>miserunt,</strong></span> 
     </span>
     <span class='ocr_line' id='line_1_30' title="bbox 243 3582 1372 3668; baseline 0 -21"><span class='ocrx_word' id='word_1_234' title='bbox 243 3583 303 3664; x_wconf 90' lang='lat' dir='ltr'><strong>qui</strong></span> <span class='ocrx_word' id='word_1_235' title='bbox 325 3583 473 3648; x_wconf 86' lang='lat' dir='ltr'><strong>auxilinm</strong></span> <span class='ocrx_word' id='word_1_236' title='bbox 497 3585 645 3667; x_wconf 88' lang='lat' dir='ltr'><strong>peterent.</strong></span> <span class='ocrx_word' id='word_1_237' title='bbox 698 3585 822 3652; x_wconf 89' lang='lat' dir='ltr'><strong>Interea</strong></span> <span class='ocrx_word' id='word_1_238' title='bbox 843 3586 972 3652; x_wconf 87' lang='lat' dir='ltr'><strong>Attalus</strong></span> <span class='ocrx_word' id='word_1_239' title='bbox 995 3585 1168 3668; x_wconf 86' lang='lat' dir='ltr'><strong>Rhodiique</strong></span> <span class='ocrx_word' id='word_1_240' title='bbox 1191 3582 1372 3666; x_wconf 85' lang='lat' dir='ltr'><strong>Philippum</strong></span> 
     </span>
     <span class='ocr_line' id='line_1_31' title="bbox 241 3685 1373 3772; baseline 0 -22"><span class='ocrx_word' id='word_1_241' title='bbox 241 3705 286 3750; x_wconf 82' lang='lat' dir='ltr'><strong>ox</strong></span> <span class='ocrx_word' id='word_1_242' title='bbox 306 3685 398 3752; x_wconf 83' lang='lat' dir='ltr'><strong>Caria</strong></span> <span class='ocrx_word' id='word_1_243' title='bbox 420 3688 603 3770; x_wconf 83' lang='lat' dir='ltr'><strong>expulerunt</strong></span> <span class='ocrx_word' id='word_1_244' title='bbox 625 3689 717 3772; x_wconf 88' lang='lat' dir='ltr'><strong>atque</strong></span> <span class='ocrx_word' id='word_1_245' title='bbox 740 3688 899 3754; x_wconf 91' lang='lat' dir='ltr'><strong>cedentem</strong></span> <span class='ocrx_word' id='word_1_246' title='bbox 927 3689 1081 3771; x_wconf 88' lang='lat' dir='ltr'><strong>persecuti</strong></span> <span class='ocrx_word' id='word_1_247' title='bbox 1104 3687 1258 3772; x_wconf 90' lang='lat' dir='ltr'><strong>Aeginam</strong></span> <span class='ocrx_word' id='word_1_248' title='bbox 1280 3705 1373 3752; x_wconf 85' lang='lat' dir='ltr'><strong>vene·</strong></span> 
     </span>
     <span class='ocr_line' id='line_1_32' title="bbox 246 3790 1374 3870; baseline 0.002 -16"><span class='ocrx_word' id='word_1_249' title='bbox 246 3791 331 3854; x_wconf 86' lang='lat' dir='ltr'><strong>runt.</strong></span> <span class='ocrx_word' id='word_1_250' title='bbox 375 3790 450 3855; x_wconf 88' lang='lat' dir='ltr'><strong>Inde</strong></span> <span class='ocrx_word' id='word_1_251' title='bbox 473 3790 600 3856; x_wconf 86' lang='lat' dir='ltr'><strong>Attalus</strong></span> <span class='ocrx_word' id='word_1_252' title='bbox 622 3791 761 3857; x_wconf 87' lang='lat' dir='ltr'><strong>Athenas</strong></span> <span class='ocrx_word' id='word_1_253' title='bbox 783 3791 914 3870; x_wconf 81' lang='lat' dir='ltr'><strong>traiecit</strong></span> <span class='ocrx_word' id='word_1_254' title='bbox 938 3792 992 3856; x_wconf 92' lang='lat' dir='ltr'><strong>ubi</strong></span> <span class='ocrx_word' id='word_1_255' title='bbox 1023 3791 1168 3856; x_wconf 87' lang='lat' dir='ltr'><strong>societate</strong></span> <span class='ocrx_word' id='word_1_256' title='bbox 1195 3790 1374 3856; x_wconf 89' lang='lat' dir='ltr'><strong>confirmata</strong></span> 
     </span>
     <span class='ocr_line' id='line_1_33' title="bbox 246 3891 1374 3978; baseline 0 -22"><span class='ocrx_word' id='word_1_257' title='bbox 246 3893 289 3956; x_wconf 85' lang='lat' dir='ltr'><strong>ab</strong></span> <span class='ocrx_word' id='word_1_258' title='bbox 312 3892 553 3959; x_wconf 88' lang='lat' dir='ltr'><strong>Atheniensibus</strong></span> <span class='ocrx_word' id='word_1_259' title='bbox 584 3895 707 3977; x_wconf 85' lang='lat' dir='ltr'><strong>egregie</strong></span> <span class='ocrx_word' id='word_1_260' title='bbox 738 3898 882 3978; x_wconf 84' lang='lat' dir='ltr'><strong>exceptus</strong></span> <span class='ocrx_word' id='word_1_261' title='bbox 914 3894 1104 3976; x_wconf 89' lang='lat' dir='ltr'><strong>summisque</strong></span> <span class='ocrx_word' id='word_1_262' title='bbox 1130 3893 1296 3958; x_wconf 89' lang='lat' dir='ltr'><strong>honoribus</strong></span> <span class='ocrx_word' id='word_1_263' title='bbox 1318 3891 1374 3957; x_wconf 90' lang='lat' dir='ltr'><strong>ad-</strong></span> 
     </span>
     <span class='ocr_line' id='line_1_34' title="bbox 245 3996 1373 4082; baseline 0 -22"><span class='ocrx_word' id='word_1_264' title='bbox 245 3996 349 4061; x_wconf 82' lang='lat' dir='ltr'><strong>·Iectus</strong></span> <span class='ocrx_word' id='word_1_265' title='bbox 371 3999 428 4062; x_wconf 90' lang='lat' dir='ltr'><strong>est.</strong></span> <span class='ocrx_word' id='word_1_266' title='bbox 473 3996 592 4062; x_wconf 89' lang='lat' dir='ltr'><strong>Deinde</strong></span> <span class='ocrx_word' id='word_1_267' title='bbox 619 3998 747 4064; x_wconf 86' lang='lat' dir='ltr'><strong>Attalus</strong></span> <span class='ocrx_word' id='word_1_268' title='bbox 780 3999 932 4082; x_wconf 88' lang='lat' dir='ltr'><strong>Aeginam</strong></span> <span class='ocrx_word' id='word_1_269' title='bbox 963 3997 1102 4077; x_wconf 81' lang='lat' dir='ltr'><strong>revertit,</strong></span> <span class='ocrx_word' id='word_1_270' title='bbox 1134 3996 1247 4062; x_wconf 87' lang='lat' dir='ltr'><strong>Rhodii</strong></span> <span class='ocrx_word' id='word_1_271' title='bbox 1269 3996 1373 4062; x_wconf 89' lang='lat' dir='ltr'><strong>autem</strong></span> 
     </span>
    </p>
   </div>
   <div class='ocr_carea' id='block_1_11' title="bbox 244 4251 1373 4493">
    <p class='ocr_par' dir='ltr' id='par_1_12' title="bbox 244 4251 1373 4493">
     <span class='ocr_line' id='line_1_35' title="bbox 355 4251 1373 4320; baseline -0.002 -13"><span class='ocrx_word' id='word_1_272' title='bbox 355 4253 380 4320; x_wconf 86' lang='lat'><strong>1)</strong></span> <span class='ocrx_word' id='word_1_273' title='bbox 416 4253 450 4306; x_wconf 83' lang='lat' dir='ltr'><strong>cl.</strong></span> <span class='ocrx_word' id='word_1_274' title='bbox 468 4252 567 4320; x_wconf 84' lang='lat' dir='ltr'><strong>Polyb.</strong></span> <span class='ocrx_word' id='word_1_275' title='bbox 586 4253 621 4306; x_wconf 95' lang='lat' dir='ltr'><strong>III</strong></span> <span class='ocrx_word' id='word_1_276' title='bbox 640 4253 664 4317; x_wconf 82' lang='lat'><strong>2,</strong></span> <span class='ocrx_word' id='word_1_277' title='bbox 682 4253 717 4318; x_wconf 86' lang='lat'><strong>8;</strong></span> <span class='ocrx_word' id='word_1_278' title='bbox 739 4253 829 4307; x_wconf 86' lang='lat' dir='ltr'>XVIII</span> <span class='ocrx_word' id='word_1_279' title='bbox 846 4253 889 4318; x_wconf 74' lang='lat'><strong>54,</strong></span> <span class='ocrx_word' id='word_1_280' title='bbox 908 4251 925 4302; x_wconf 87' lang='lat'>8</span> <span class='ocrx_word' id='word_1_281' title='bbox 942 4267 1001 4320; x_wconf 90' lang='lat' dir='ltr'><strong>sq.;</strong></span> <span class='ocrx_word' id='word_1_282' title='bbox 1029 4254 1088 4308; x_wconf 83' lang='lat' dir='ltr'><strong>hiv.</strong></span> <span class='ocrx_word' id='word_1_283' title='bbox 1107 4253 1201 4308; x_wconf 87' lang='lat' dir='ltr'>XXXI</span> <span class='ocrx_word' id='word_1_284' title='bbox 1220 4252 1261 4316; x_wconf 79' lang='lat'><strong>14,</strong></span> <span class='ocrx_word' id='word_1_285' title='bbox 1280 4251 1297 4306; x_wconf 87' lang='lat'>5</span> <span class='ocrx_word' id='word_1_286' title='bbox 1315 4266 1373 4319; x_wconf 88' lang='lat' dir='ltr'><strong>sq.;</strong></span> 
     </span>
     <span class='ocr_line' id='line_1_36' title="bbox 244 4338 1028 4406; baseline -0.008 -14"><span class='ocrx_word' id='word_1_287' title='bbox 244 4339 369 4406; x_wconf 83' lang='lat' dir='ltr'><strong>Appian.</strong></span> <span class='ocrx_word' id='word_1_288' title='bbox 386 4338 491 4392; x_wconf 88' lang='lat' dir='ltr'><strong>Maced.</strong></span> <span class='ocrx_word' id='word_1_289' title='bbox 509 4339 534 4392; x_wconf 89' lang='lat'><strong>3.</strong></span> <span class='ocrx_word' id='word_1_290' title='bbox 1025 4376 1028 4386; x_wconf 89' lang='lat'><strong><em>.</em></strong></span> 
     </span>
     <span class='ocr_line' id='line_1_37' title="bbox 353 4423 794 4493; baseline 0.005 -15"><span class='ocrx_word' id='word_1_291' title='bbox 353 4425 380 4490; x_wconf 80' lang='lat'><strong>2)</strong></span> <span class='ocrx_word' id='word_1_292' title='bbox 415 4424 450 4479; x_wconf 88' lang='lat' dir='ltr'><strong>oI.</strong></span> <span class='ocrx_word' id='word_1_293' title='bbox 467 4425 527 4480; x_wconf 84' lang='lat' dir='ltr'><strong>hiv.</strong></span> <span class='ocrx_word' id='word_1_294' title='bbox 545 4423 640 4478; x_wconf 94' lang='lat' dir='ltr'>XXXI</span> <span class='ocrx_word' id='word_1_295' title='bbox 659 4425 700 4490; x_wconf 73' lang='lat'><strong>14,</strong></span> <span class='ocrx_word' id='word_1_296' title='bbox 718 4425 734 4480; x_wconf 89' lang='grc'><strong>6</strong></span> <span class='ocrx_word' id='word_1_297' title='bbox 752 4440 794 4493; x_wconf 86' lang='lat' dir='ltr'><strong>sq.</strong></span> 
     </span>
    </p>
   </div>
   <div class='ocr_carea' id='block_1_12' title="bbox 1186 4527 1219 4580">
    <p class='ocr_par' dir='ltr' id='par_1_13' title="bbox 1186 4527 1219 4580">
     <span class='ocr_line' id='line_1_38' title="bbox 1186 4527 1219 4580; baseline 0 -20"><span class='ocrx_word' id='word_1_298' title='bbox 1186 4527 1219 4580; x_wconf 77' lang='grc'><strong>41·</strong></span> 
     </span>
    </p>
   </div>
   <div class='ocr_carea' id='block_1_13' title="bbox 0 0 1692 5314">
    <p class='ocr_par' dir='ltr' id='par_1_14' title="bbox 0 0 1692 5314">
     <span class='ocr_line' id='line_1_39' title="bbox 0 0 1692 5314; baseline 0 0"><span class='ocrx_word' id='word_1_299' title='bbox 0 0 1692 5314; x_wconf 95' lang='lat' dir='ltr'><strong> </strong></span> 
     </span>
    </p>
   </div>
  </div>
 </body>
</html>
