3336 5314
872 467 950 532 VIII
1029 486 1033 490 ·

452 671 525 736 Jam
548 688 618 735 vere
640 669 794 751 reliquum
816 671 872 748 est,
897 671 933 734 ut
952 671 1070 753 gratias
1093 689 1184 754 agam
1207 688 1299 752 quam
1322 669 1473 734 maximas

350 755 492 821 omnibus
514 757 564 834 iis,
587 755 641 837 qui
664 756 740 821 haee
762 756 867 821 studia
888 775 959 821 mee
993 755 1164 821 liberaliter
1186 755 1380 820 adiuremnt.
1426 754 1473 818 Aa

349 841 450 925 prime
465 841 589 923 quidem
603 841 671 907 loeo
686 841 890 908 nominandus
912 841 990 906 mihi
1012 844 1060 908 est
1077 840 1114 906 U.
1129 841 1312 919 Keehler‚
1327 859 1473 924 praecep·

349 930 399 992 ter
422 927 609 1005 carissimus
642 929 694 1010 qui
726 947 787 992 non
814 928 915 992 selum
936 927 1028 993 huius
1050 927 1165 993 laboris
1189 927 1377 1010 suscipiendi
1400 944 1473 990 aue·
1579 972 1584 982 .

349 1015 398 1078 tor
421 1013 548 1090 exstitit
573 1014 627 1078 sed
650 1014 745 1078 etiam
767 1033 823 1096 per
845 1032 934 1090 omne
957 1015 1081 1097 tempus
1104 1032 1262 1096 nunquam
1284 1013 1324 1078 ad
1340 1011 1473 1077 suaden-

349 1100 423 1164 dum
446 1117 507 1165 non
530 1100 596 1165 erat
613 1101 751 1181 paratus.
773 1099 881 1182 Neque
903 1100 1056 1165 minorem
1077 1099 1172 1165 debeo
1196 1098 1330 1182 gratiam
1352 1097 1473 1162 Halb·

349 1185 472 1263 herr0‚
496 1185 550 1268 qui
571 1185 705 1268 quinque
727 1185 838 1250 titulos
857 1204 979 1250 summa
993 1185 1180 1251 liberalitate
1194 1203 1317 1250 meeum
1333 1203 1473 1249 eommu-

349 1271 466 1335 niearit
486 1271 689 1354 permisitque
712 1273 747 1336 ut
769 1289 821 1336 eas
843 1273 875 1336 in
898 1271 1066 1371 appendice
1088 1273 1221 1350 ederem,
1246 1270 1356 1336 deinde
1384 1269 1473 1334 Lel-

350 1355 483 1440 lingi0‚
508 1358 561 1439 qui
583 1375 633 1422 me
654 1358 782 1440 regante
804 1357 1026 1442 benignissime
1040 1357 1186 1423 nonnulla
1202 1375 1282 1422 nova
1296 1354 1474 1439 apographa

272 1449 275 1454 “
348 1444 518 1526 ectypaque
549 1442 689 1521 confecit,
713 1443 843 1525 denique
877 1443 1138 1528 lougires'm,
1171 1443 1224 1525 qui
1246 1442 1323 1508 mihi
1345 1441 1473 1507 titulum

294 1549 295 1552 ¹
349 1528 511 1594 Deliacum
533 1528 685 1593 ineditum
708 1529 803 1594 misit.

450 1713 548 1780 Serib.
570 1715 703 1798 Derpati
724 1714 912 1780 livenerum
940 1727 945 1744 ¹

483 1851 589 1899 mense
611 1835 715 1918 Aprili
737 1855 764 1902 a.
790 1835 884 1902 1892.
