3322 5302
750 503 794 568 79

676 596 879 606 ———

213 709 298 796 λέμιρ
323 710 397 796 [καί
417 710 571 795 πρόσοδον
596 713 672 795 πρὸς
693 711 753 795 τὴν
776 709 896 798 βουλὴν
915 712 971 773 καί
1004 711 1057 773 τὸν
1087 709 1187 795 δῆμον
1208 707 1341 793 πρώτοις

214 812 310 899 μοιβ
332 814 373 876 τὰ
399 813 477 898 ἱερά.
523 813 560 878 Ιιι
590 813 800 880 Poiessiorum
829 813 923 878 titulo
946 833 977 878 ιι.
1000 811 1041 876 71
1065 831 1095 877 ι.
1119 811 1160 876 17
1182 831 1246 876 una
1268 829 1339 878 oum

212 914 358 998 prorenia
379 913 523 980 πολιτεία
545 914 729 984 decernitur.
773 913 923 980 Bneclrbii
954 912 1141 982 sententiam
1172 913 1226 996 qni
1251 912 1339 978 πολι-

213 1016 300 1082 τείαν
321 1036 383 1084 una
404 1037 475 1083 cum
497 1018 651 1099 proseria,
675 1017 737 1083 nisi
757 1017 790 1082 in
812 1019 923 1084 leniae
946 1016 1079 1101 oppidis,
1095 1016 1252 1081 decretam
1270 1021 1339 1082 esse

213 1120 347 1204 negavit
369 1119 483 1186 falsam
504 1139 573 1186 esse
594 1120 711 1204 optime
734 1119 904 1186 docuerunt
934 1119 1032 1185 Μοίρι
1061 1119 1093 1184 et
1123 1116 1341 1200 Monceaux¹).

212 1221 502 1290 Monoeauxtolius
525 1223 715 1307 quaestionis
739 1241 893 1288 summam
922 1224 1006 1288 reete
1029 1223 1075 1288 sic
1097 1221 1262 1286 definivit:
1278 1220 1342 1299 „be

212 1325 270 1391 fait
292 1345 324 1391 sa
346 1326 487 1409 presente
509 1345 595 1392 assez
626 1327 783 1392 rarement
817 1326 895 1392 dane
929 1326 975 1392 les
1006 1324 1223 1392 constitutions
1257 1323 1341 1390 dori·

213 1447 317 1507 annes,
340 1447 425 1494 assez
447 1431 579 1496 souvent
601 1429 676 1495 dans
698 1429 745 1495 les
770 1429 989 1495 consttutions
1021 1428 1187 1504 biennes,
1210 1444 1341 1510 presque

212 1533 352 1616 toujoure
374 1532 452 1598 daus
474 1533 520 1598 les
542 1533 762 1600 constitutions
792 1533 984 1598 ienienues.“
1036 1531 1097 1598 Sed
1119 1528 1264 1594 πολιτεία
1285 1529 1342 1595 illa

213 1655 273 1702 ιιοιι
297 1653 419 1717 semper
440 1653 502 1701 una
524 1654 596 1701 eum
613 1636 760 1719 proxenia
775 1635 1016 1702 concedebatur:
1039 1635 1072 1700 in
1087 1632 1342 1700 Canthacensium

212 1737 263 1802 tit.
286 1757 317 1802 ιι.
341 1736 381 1800 ll
404 1755 556 1820 prusenus
577 1738 713 1818 Atticus,
737 1739 791 1822 qui
822 1739 944 1823 lagatos
966 1737 1169 1822 syndicosque
1192 1736 1341 1804 Carthae-

213 1839 335 1905 ensium
356 1840 554 1922 hospitaliter
575 1842 736 1926 exceperat
766 1841 858 1924 atque
890 1840 1061 1919 adiuvaret
1096 1841 1222 1906 civitate
1243 1839 1341 1905 dona·

212 1943 273 2009 tur.
319 1944 505 2026 Exemplum
527 1943 653 2023 decreti,
678 1946 760 2010 sieut
780 1945 814 2010 in
847 1944 917 2009 aliis
940 1942 1136 2027 Cycladibus,
1158 1943 1343 2010 mittebatur

214 2045 254 2111 ad
275 2047 436 2112 civitatem
458 2048 546 2114 cuius
567 2048 621 2114 ille
644 2048 722 2113 civis
744 2049 820 2126 erat
845 2048 1004 2132 signatum
1026 2047 1114 2130 signo
1133 2046 1280 2124 civitatis,
1302 2046 1341 2110 ef.

214 2168 245 2215 n.
267 2149 311 2213 47
333 2151 418 2226 ὅπως
440 2150 475 2214 δὲ
497 2153 553 2214 καὶ
575 2151 592 2215 ὁ
614 2151 713 2236 δῆμος
734 2151 751 2215 ὁ
773 2149 900 2215 Ῥοδίων
922 2151 1038 2235 ἐπιγνῷ
1060 2152 1116 2226 τὰς
1128 2148 1342 2236 γεγενημένοις

213 2253 304 2338 τιμὰς
330 2251 511 2343 Χαρμίππῳ
535 2253 741 2319 maternam
762 2253 792 2318 οἱ
812 2253 976 2338 πρυτάνεις
1006 2261 1051 2338 τῷ
1082 2253 1234 2340 εἰρημένῳ
1257 2252 1342 2336 ἀνδρὶ

213 2351 375 2438 Θευψανεῖ
396 2358 432 2419 τὸ
454 2354 603 2442 ψήφισμα
626 2355 871 2442 σφραγισάμενοι
894 2365 935 2440 τῇ
958 2354 1095 2442 δημοσίᾳ
1117 2353 1275 2440 σφραγῖδι.

315 2456 402 2522 Haec
424 2455 520 2524 habui
543 2457 581 2522 de
603 2457 711 2542 populi
733 2458 865 2523 decretis
887 2475 966 2541 qnae
989 2457 1133 2524 dicerem.
1177 2455 1263 2538 Quae
1287 2455 1342 2521 de-

215 2559 307 2637 creta
332 2563 367 2624 ut
388 2560 458 2625 rota
480 2561 591 2639 essent,
615 2579 634 2625 a
656 2562 766 2626 senatu
787 2561 873 2644 prius
905 2560 1096 2632 saucientur
1120 2577 1244 2626 necesse
1266 2559 1342 2626 erat.

215 2659 346 2726 Senatus
367 2663 401 2726 in
423 2661 477 2728 Oai
498 2663 619 2728 insulae
641 2664 771 2730 urbibus
805 2663 906 2747 qualis
936 2665 1050 2747 quotve
1081 2663 1175 2728 fuerit
1204 2664 1343 2728 virorum

214 2763 403 2846 ignoramus.
447 2763 611 2832 Senatores
643 2765 676 2830 in
710 2785 824 2831 annum
859 2767 982 2832 nutum
1013 2766 1131 2832 creatos
1162 2765 1258 2830 luisse
1280 2763 1342 2829 ecl·

213 2865 279 2951 ligo
301 2885 338 2932 ex
371 2866 565 2934 Cerceiorum
594 2867 687 2935 titulo
718 2868 757 2934 de
788 2868 1094 2935 anniversario
1125 2867 1260 2951 quodam
1292 2866 1342 2932 die

213 2969 293 3036 festo
315 2970 509 3036 sollemniter
530 2971 714 3038 celebrando
737 2972 782 3054 (ιι.
813 2971 889 3051 66);
926 2971 1060 3056 legimus
1091 2971 1208 3036 ibidem
1238 2988 1267 3035 v.
1299 2970 1343 3035 34

214 3075 285 3148 τοὺς
306 3073 497 3161 προβούλους
518 3077 590 3151 τοὺς
621 3072 759 3152 ἐξιόντας
790 3075 822 3140 et
843 3093 873 3140 v.
895 3073 937 3140 37
960 3077 1031 3151 τοὺς
1057 3073 1249 3160 προβούλους
1270 3074 1343 3151 τοὺς

214 3175 264 3239 ἀεὶ
285 3177 389 3253 ὄντας.
435 3179 509 3244 Jem
531 3196 604 3242 uero
638 3177 849 3260 quaerendum
879 3179 936 3254 est,
968 3178 1022 3261 qui
1051 3178 1167 3244 fuerint
1196 3177 1246 3242 illi
1267 3175 1342 3262 προ-

214 3277 332 3362 βουλοι.
378 3279 489 3344 Manio
511 3280 638 3345 senatus
659 3282 696 3344 ut
717 3280 851 3346 Athenis
873 3282 918 3346 sic
940 3282 1036 3345 etiam
1065 3281 1100 3345 in
1131 3281 1241 3346 ceteris
1264 3280 1341 3346 civi·

213 3380 334 3446 tatibus
357 3379 486 3448 Graecis
505 3400 567 3447 uon
595 3401 702 3448 omnes
724 3384 881 3449 senatores
903 3402 965 3449 unu
997 3385 1155 3450 exsecutos
1185 3401 1264 3460 esse,
1288 3381 1343 3447 sed

215 3482 328 3566 ubique
351 3485 508 3567 praesides
531 3483 776 3571 βουλήςίιιίειο,
798 3485 868 3569 quis
899 3487 947 3552 est
976 3486 1050 3569 quin
1082 3487 1170 3552 sciat.
1223 3485 1260 3551 Id
1281 3484 1343 3550 ali·

214 3607 302 3652 arum
324 3588 486 3654 civitatum
510 3588 658 3673 exemplis
680 3589 777 3656 iratus
800 3591 896 3656 etiam
918 3589 956 3655 de
979 3589 1033 3656 (lei
1062 3591 1183 3656 insulae
1213 3589 1342 3655 urbibus

215 3689 452 3770 adfirmaverim,
476 3691 600 3758 etiamsi
621 3692 701 3758 nibil
722 3691 761 3758 de
782 3692 841 3760 hac
862 3711 896 3758 re
917 3691 1069 3758 traditum
1092 3693 1144 3758 sit.
1197 3691 1245 3756 De
1266 3689 1342 3758 Gur·

214 3794 306 3860 thaea
328 3813 401 3860 saue
424 3797 517 3878 atque
539 3795 668 3862 Poiessa
689 3796 770 3862 nihil
784 3815 821 3862 ex
838 3795 942 3862 titulis
961 3795 1119 3861 discimus.
1163 3796 1200 3860 Ιιι
1223 3795 1342 3860 Core-

215 3897 374 3962 siorum
398 3899 504 3962 antem
525 3897 618 3963 titulo
641 3915 734 3981 qnem
765 3917 859 3981 supra
886 3897 981 3964 attuli
1002 3898 1183 3981 saepissime
1205 3914 1342 3962 comme·

214 4001 374 4067 morantur
395 3999 473 4085 πρό
486 3999 651 4087 βουλοι.
696 4000 830 4082 Boeelb,
853 4001 907 4084 qui
937 4003 1058 4084 primus
1077 4001 1217 4068 ,titulum
1250 4000 1342 4066 illum

165 4187 167 4194 Ι
215 4103 322 4184 edidit,
345 4103 422 4170 baec
443 4103 623 4170 adnotavit:
647 4103 814 4192 πρόβουλοι
838 4106 932 4184 „suut
953 4103 1037 4170 haud
1059 4103 1152 4170 dubie
1182 4101 1341 4188 praesides

318 4345 345 4414 1)
362 4345 465 4402 Meier:
483 4361 584 4402 comm.
603 4348 638 4402 de
655 4347 803 4415 proxenla,
821 4347 899 4402 Helle
917 4345 983 4400 1842
999 4359 1026 4414 p.
1044 4346 1079 4400 22
1096 4359 1137 4413 sq.
1173 4344 1340 4407 blonceanx,

215 4431 609 4501 Mnfflmnmm
