3322 5302
686 489 891 588 *ιο-υ-

116 775 126 793 ·
224 695 378 760 dationem
400 693 440 759 ad
461 693 578 760 iudicia
599 695 848 764 Atheniensium.
893 692 978 774 Ques
1000 693 1140 760 homines
1163 693 1269 760 doctos
1292 713 1351 760 non

222 799 306 864 recte
329 798 477 864 statuisse
499 799 653 866 existimo.
697 799 743 864 llr
757 799 950 866 Julieterum
970 800 1052 864 enim
1074 797 1197 864 decreto
1216 797 1351 866 dilucide

223 902 360 984 appetet,
385 900 513 979 ἔνδειξιν
535 903 601 967 sinc
623 902 689 968 ullo
711 902 889 967 discrimine
911 903 944 968 et
958 901 1092 966 Athenis
1114 901 1146 966 et
1166 899 1273 966 Julide
1296 901 1350 966 de-

222 1005 296 1070 ferri
316 1007 474 1088 potuisse3
497 1005 650 1088 quomodo
672 1006 811 1072 homines
834 1005 919 1074 docti
940 1025 977 1070 ex
999 1005 1100 1070 verbis
1122 1003 1187 1070 illis
1203 1003 1349 1085 colligere

221 1107 390 1190 potuerint,
424 1108 550 1175 licuisse
569 1109 664 1173 etiam
686 1108 937 1191 provocationem
970 1107 1009 1173 ad
1038 1107 1154 1172 iudicia
1176 1106 1349 1170 Athenien·

222 1211 312 1288 sium,
336 1229 397 1276 nou
419 1211 579 1294 intellego,
600 1229 673 1276 nam
695 1211 788 1276 verba
802 1208 966 1296 Ἀθήνησι
990 1210 1047 1295 μὲν
1062 1245 1103 1258 -
1120 1208 1153 1274 ἐν
1166 1205 1291 1273 Ἰουλίδι
1313 1206 1348 1272 δέ

222 1313 312 1378 aliter
333 1313 481 1396 explicari
503 1332 563 1378 non
585 1316 727 1396 possunt,
759 1314 834 1396 quin
857 1315 952 1390 etiam
975 1313 1116 1378 Athenae
1151 1312 1250 1394 primo
1280 1311 1348 1376 looo

221 1415 426 1480 nominantur.
451 1415 559 1499 Neque
582 1416 673 1481 aliter·
693 1435 743 1480 res
766 1434 799 1481 se
821 1415 917 1482 habet
937 1416 970 1480 iu
986 1413 1182 1481 cerceiorum
1204 1413 1346 1478 decreto:
1408 1499 1411 1506 .

221 1517 355 1602 legimus
377 1519 422 1584 ibi
445 1520 504 1603 τὴν
526 1518 560 1582 δὲ
583 1516 708 1596 ἔνδειξιν
730 1518 825 1603 εῑν]οιι
849 1521 924 1603 πρὸς
946 1521 1017 1594 τοὺς
1039 1517 1314 1604 ἀστυνόμους...
1338 1563 1345 1580 .

221 1619 314 1704 εἶν]οιι
336 1619 401 1705 [δὲ]
421 1623 478 1685 aad
500 1623 606 1706 ἔφεσιν
627 1619 806 1706 Ἀδήνοιζε,
838 1641 918 1704 quae
949 1621 1044 1688 verba
1065 1620 1149 1686 idem
1172 1615 1347 1704 significare

220 1723 313 1806 etque
345 1723 538 1790 Julietarum
571 1724 732 1790 contendo.
777 1724 905 1802 Causae,
941 1743 996 1789 cur
1028 1723 1088 1790 hoo
1110 1721 1256 1815 credam,
1288 1721 1347 1786 hee

219 1826 311 1890 sunt:
346 1827 378 1908 1)
401 1826 537 1892 vidimus
566 1827 598 1891 in
629 1826 820 1893 Julietarnm
852 1827 974 1892 decreto
1005 1825 1092 1890 nulle
1122 1823 1346 1908 provocationis

219 1929 352 2012 vestigia
374 1929 505 2008 exstare,
527 1948 625 2012 neque
647 1930 696 1994 est
717 1947 772 1994 our
793 1930 851 1995 hoc
867 1927 972 1995 Ocresi
993 1927 1085 1994 aliter
1106 1927 1202 1992 ilrisse
1225 1927 1346 1992 statua·

218 2049 298 2098 mus.
342 2029 376 2115 2)
399 2052 429 2098 ν.
451 2030 494 2096 20
517 2033 667 2115 scriptum
690 2033 738 2097 est
760 2032 838 2096 εῑνοιι
861 2031 896 2096 δὲ
926 2033 999 2096 καὶ
1029 2029 1136 2116 ἔφεσιν
1156 2027 1343 2112 Ἀθήναζε;

102 2171 109 2180 ·
219 2136 245 2199 si
261 2134 300 2198 de
314 2135 530 2215 provocatione
552 2134 672 2200 dictum
695 2135 786 2211 esset,
810 2139 1056 2216 exspectaremus
1079 2133 1185 2215 ἔφεσιν
1208 2130 1242 2194 δὲ
1266 2129 1345 2194 εῐνοιι

218 2231 395 2320 Ἀθήναζε,
428 2237 479 2301 vel
502 2237 561 2322 cdo
583 2237 617 2300 δὲ
639 2236 746 2319 ἔφεσιν
767 2236 846 2300 εἶναι
868 2234 1045 2321 Ἀθήναζε.
1092 2233 1253 2300 Particula
1275 2219 1342 2314 aaut,

217 2357 296 2422 quae
317 2337 369 2404 hic
391 2340 499 2419 exstat,
523 2341 690 2422 respondet
711 2341 901 2408 Julietarum
923 2339 1024 2406 verbis
1046 2336 1208 2423 Ἀθήνησι
1231 2336 1343 2420 μὲν-

218 2442 251 2507 ἐν
271 2439 397 2508 Ἰουλίδι
419 2441 453 2506 δέ
469 2441 507 2525 ¹).
553 2442 588 2527 3)
609 2443 710 2510 Nemo
741 2445 842 2510 adhuc
874 2443 953 2508 sidit
981 2462 1011 2508 v.
1036 2439 1078 2505 20
1101 2459 1146 2523 sq.
1178 2438 1344 2504 manifesto

217 2564 283 2612 esso
315 2545 467 2628 seriptum
499 2546 578 2611 elaea
608 2547 644 2610 δὲ
666 2550 721 2611 καὶ
743 2548 851 2632 ἔφεσιν
871 2545 1037 2631 Ἀθήναζε
1070 2545 1146 2608 καὶ
1177 2549 1232 2626 τῷ
1264 2539 1343 2626 φή-

217 2669 342 2714 ναντι
364 2651 513 2735 καὶτῷ
536 2649 795 2729 ἐνδείξαντι.
843 2650 933 2731 Quid,
965 2650 1130 2732 interrogo,
1161 2645 1257 2712 verba
1287 2646 1344 2711 ille

217 2753 404 2838 significant,
426 2754 478 2818 vel
499 2755 604 2837 potius
627 2755 802 2839 significare
817 2755 972 2837 possunt?
1015 2752 1155 2818 Licuisse
1171 2750 1344 2816 accusatori

215 2857 464 2938 provocationem
486 2858 526 2922 ad
548 2857 664 2923 iudicia
685 2857 948 2923 Atheniensium?
991 2855 1037 2921 At
1058 2854 1141 2919 idem
1154 2871 1225 2918 reus
1240 2852 1342 2918 facere

215 2976 276 3023 non
298 2959 427 3040 potuit?
468 2959 577 3025 Talem
598 2941 701 3043 legem
723 2979 877 3044 nusquam
891 2959 1047 3025 exstitisse
1070 2957 1221 3024 existimo.
1264 2953 1342 3020 Pro·

216 3063 380 3143 spexerunt
401 3063 484 3128 enim
505 3063 670 3128 manifesto
693 3063 907 3142 Athenienses,
931 3063 968 3127 ut
989 3062 1182 3127 accusatores
1195 3059 1342 3124 nimirum

215 3162 454 3230 Atheniensium
477 3165 647 3231 commodis
670 3167 839 3232 servientes
861 3163 951 3232 litem
965 3165 1106 3231 Athenas
1129 3163 1246 3229 deferre
1269 3178 1342 3246 pos·

216 3266 295 3346 sent,
315 3266 344 3331 si
364 3285 435 3332 eam
457 3265 509 3332 Oei
531 3286 564 3333 se
587 3268 755 3334 amissuros
774 3270 930 3351 putarent.
974 3269 1022 3333 De
1037 3267 1253 3350 provocatione
1269 3283 1341 3348 ergo

318 3556 344 3626 1)
365 3557 428 3624 Qua
444 3557 626 3626 neglegentia
643 3557 740 3612 Sonne
758 3557 936 3612 coniecturas
954 3569 1021 3610 suas
1039 3555 1147 3618 feeerit,
1175 3553 1246 3608 satis
1264 3553 1340 3607 olare

214 3645 331 3712 apparet
349 3658 388 3698 ex
405 3658 432 3698 v.
450 3645 485 3698 20
503 3657 562 3711 ed:
589 3644 670 3712 putet
696 3644 772 3698 enim
797 3642 976 3698 scribendum
1003 3655 1067 3696 esse
1094 3639 1150 3709 [τὴν
1177 3639 1207 3691 δὲ
1231 3637 1340 3699 ἔνδειξιν

213 3726 278 3779 εἶναι
293 3729 322 3779 ἐν
340 3723 453 3797 Κορησῷ
471 3729 521 3793 μὲν
538 3730 620 3796 πρὸς.
632 3769 638 3783 .
650 3769 674 3783 ..
693 3727 758 3780 εἶναι
776 3726 816 3798 δὲ]
829 3727 871 3779 καὶ
889 3725 978 3794 ἔφεσιν
995 3723 1133 3795 Ἀοήναζε.
1168 3725 1212 3780 Ad
1229 3727 1339 3780 senten-

212 3813 283 3868 them
300 3815 386 3879 recte,
403 3829 470 3868 uem
482 3815 571 3869 verba
586 3813 650 3866 εἶναι
669 3815 699 3866 δὲ
712 3815 754 3866 καὶ
767 3815 820 3869 etc.
833 3815 941 3882 puriter
952 3813 1132 3881 interpretor.
1165 3811 1222 3866 Sed
1235 3811 1339 3876 Somne,

213 3899 263 3966 qui
279 3900 368 3954 verba
385 3900 435 3954 illa
452 3901 619 3968 simpliciter
646 3915 684 3955 ex
701 3901 872 3955 delicturum
890 3901 1004 3956 decreto
1034 3899 1195 3967 exscripsit,
1223 3899 1339 3954 omnino

212 3985 349 4052 neglexit,
367 3985 456 4040 verba
473 3986 523 4040 illa
540 3987 571 4040 iu
589 3985 769 4042 (honestorum
786 3987 900 4042 decreto
918 3988 981 4054 ipso
999 3988 1117 4041 exstare
1134 3999 1161 4039 v.
1181 3985 1214 4039 16
1232 3998 1273 4051 sq.
1291 3983 1339 4053 τὴν

211 4071 244 4122 δὲ
261 4069 371 4132 ἔνδειξιν
389 4071 462 4142 εἶδον
479 4073 548 4140 πρὸς
562 4074 627 4132 τοὺς
642 4073 820 4138 ἀντυνόμουςς
837 4074 926 4128 verba
942 4073 992 4127 illa
1008 4074 1105 4128 eutem
1121 4072 1166 4126 his
1191 4073 1221 4126 in
1240 4071 1339 4126 eodem

212 4157 326 4212 decreto
345 4158 452 4225 scripta
470 4159 560 4213 fuisse
585 4173 703 4226 prorsus
730 4173 789 4214 non
815 4161 859 4214 est
876 4159 1037 4213 verisimile.
1074 4158 1227 4212 Praeterea
1244 4157 1339 4212 Sonus

212 4256 252 4296 ex
268 4257 296 4298 ν.
314 4244 348 4297 10
366 4245 501 4312 colligere
518 4245 638 4312 poterat,
668 4243 777 4306 ἔνδειξιν
802 4245 881 4300 illem
898 4245 997 4300 Gerasi
1022 4245 1058 4300 ad
1080 4247 1247 4313 astynomos
1275 4257 1338 4298 esse

212 4328 351 4384 delatum:
370 4344 397 4384 v.
411 4331 446 4384 00
457 4330 641 4385 nihilominus
655 4331 755 4385 scribit
773 4331 802 4382 ἐν
814 4326 928 4400 Κορησῷ
940 4331 990 4394 μὲν
1008 4331 1124 4398 πρὸς...
1136 4371 1142 4384 .
1156 4329 1220 4382 εἶναι
1231 4329 1262 4380 δέ
1275 4330 1337 4394 ειυς

211 4415 293 4482 quael
310 4429 357 4469 res
375 4415 424 4469 ille
440 4416 471 4470 iu
488 4416 614 4470 tenebris
631 4429 749 4484 prorsus
766 4416 867 4470 iaceat.
