3322 5302
896 479 959 544 122
1022 563 1024 567 ⁸

360 681 526 762 Helhhen'n‘,
562 699 641 760 „non
664 683 781 747 tessere
803 682 841 748 nd
864 683 896 748 di
918 683 1033 767 grande
1056 682 1240 761 ostensione,
1271 677 1311 746 ne
1334 679 1366 745 di
1388 681 1489 746 molto

359 781 512 868 piodotto
525 803 558 850 se
570 785 679 870 questo
690 788 746 869 (sc.
755 787 886 868 merces)
896 805 957 852 nen
973 803 1083 868 supere
1097 785 1128 851 le
1137 785 1241 851 heuto
1251 784 1389 850 mmme
1399 800 1489 849 enen

360 889 377 954 e
391 890 643 972 decompegnetu
652 899 741 953 come
750 889 783 953 in
792 888 889 954 simili
904 888 1050 955 eontrntti
1059 883 1294 970 doprestanieni
1304 887 1336 951 in
1345 887 1488 951 nature.“

359 992 440 1058 Sene
460 992 597 1074 quidem.
639 989 703 1056 Sed
725 986 970 1056 obliviscendum
991 1010 1052 1057 non
1075 993 1132 1070 cst,
1149 991 1202 1074 egi
1215 989 1266 1056 hie
1281 989 1319 1054 de
1333 989 1488 1055 locatione

297 1162 298 1167 ,
360 1093 563 1158 conductione
579 1089 777 1172 hereditarie,
792 1111 887 1175 quam
901 1091 1004 1158 dicere
1019 1090 1233 1157 consuevimus
1248 1090 1488 1176 emphyteusim,

358 1189 622 1280 emphyteuticam
644 1197 748 1262 numm
771 1195 945 1261 mercedem
960 1196 1187 1278 echonomum
1198 1194 1298 1260 tuisse
1309 1194 1433 1260 constet
1444 1193 1489 1276 ¹);

359 1296 469 1363 deinde
490 1298 557 1362 inre
578 1298 704 1363 Boeekh
727 1298 765 1372 de
788 1299 928 1364 mercede
946 1300 979 1364 in
994 1300 1170 1366 universnm
1186 1298 1245 1364 hoc
1260 1297 1382 1363 decuit:
1406 1297 1490 1376 „Die

358 1401 459 1466 Peeht
472 1397 534 1465 :dor
554 1399 745 1466 Lendersien
768 1403 886 1468 mnsste
908 1401 1050 1484 goninger
1072 1402 1148 1480 sein,
1167 1401 1214 1466 nlo
1230 1401 1280 1466 die
1295 1401 1408 1466 Zinsen
1426 1401 1490 1466 des

358 1498 455 1569 deriu·
470 1499 654 1572 stechenden
676 1503 832 1585 Kupitals,
857 1523 944 1570 wenn
960 1523 993 1570 es
1012 1503 1210 1588 eusgeliehen
1233 1504 1370 1568 nnrde.“
1404 1503 1489 1588 Ergo

357 1625 428 1672 mea
449 1604 576 1688 quidem
591 1607 754 1672 sententia
777 1625 814 1671 ex
835 1607 972 1690 triginta.
986 1600 1057 1672 illis
1074 1606 1229 1672 drachmis
1254 1606 1329 1672 solis
1354 1607 1394 1672 de
1415 1606 1489 1670 inn-

358 1707 407 1772 dis
429 1707 638 1774 Poiesoiornm
662 1708 740 1774 certi
763 1708 929 1791 quicquam
952 1709 1101 1782 statuere¹
1126 1727 1202 1798 non¹
1220 1725 1396 1791 possumus.
1442 1708 1489 1772 De

358 1809 535 1874 Bacchione
557 1829 673 1888 mense,
696 1831 789 1894 quem
824 1811 1059 1877 Atheniensium
1092 1811 1327 1876 Anthesterioni
1357 1830 1489 1894 respon·

358 1912 440 1978 disse
462 1914 546 1996 puto,
568 1915 650 1980 infra
670 1915 797 1980 nhenius
820 1914 930 1980 dicem.
975 1913 1078 1980 Verba
1101 1916 1139 1978 ἂν
1161 1914 1196 1978 δὲ
1220 1917 1263 2000 μή
1296 1914 1405 1998 ἀποδῷ
1427 1915 1489 1978 ἀπ-

358 2014 434 2080 ιέναι
458 2016 496 2079 ἐκ
519 2023 581 2080 τῶν
603 2016 725 2102 χωρίων
747 2035 808 2082 non
832 2018 880 2081 est
910 2016 992 2100 quod
1015 2017 1175 2100 explicem,
1207 2017 1277 2103 luce
1299 2017 1382 2081 enim
1414 2019 1489 2082 sunt

358 2119 489 2185 clariore
499 2111 538 2203 2)’.
582 2117 617 2202 2)
639 2119 774 2186 Juhetur
796 2119 910 2185 deinde
926 2119 1093 2186 conductor
1107 2118 1211 2204 οἰκίην
1224 2119 1326 2204 ὀρθὴν
1343 2121 1399 2182 καὶ
1415 2119 1489 2182 στέ-

357 2221 513 2306 γουσαν3)
536 2221 688 2307 παρέχειν
711 2223 731 2288 1.
751 2241 781 2294 e.
805 2222 932 2288 domum
955 2223 1071 2294 semem
1093 2223 1210 2288 tectum
1231 2221 1330 2298 tueni;
1354 2221 1489 2304 deniqne

358 2321 393 2406 3)
416 2323 527 2406 δένδρα
549 2325 654 2408 ἥμερα
676 2323 871 2408 sentuoso
892 2324 913 2387 i.
938 2342 965 2389 e.
989 2323 1168 2390 conductori
1197 2322 1405 2388 nondicebat
1435 2343 1488 2390 or-

357 2425 448 2490 bores
469 2425 580 2490 insitas
603 2425 747 2503 caedere3
770 2444 849 2508 quae
881 2443 952 2490 cum
984 2445 1021 2491 ex
1051 2445 1088 2492 se
1115 2425 1337 2508 intellegentur
1358 2426 1489 2492 verbnm

357 2545 418 2591 non
442 2527 587 2610 amplius
601 2527 726 2593 eddam.
771 2527 913 2594 Titulum
934 2528 1026 2594 illum
1047 2529 1180 2594 termine
1203 2529 1298 2614 (ὅρος)
1321 2529 1416 2596 fnisse
1437 2530 1488 2594 in-

358 2629 510 2711 scriptum
532 2629 733 2696 manifestum
755 2632 813 2696 est.

390 2767 391 2772 κ
464 2731 530 2796 Iem
553 2750 626 2797 uero
648 2731 688 2797 nd
710 2731 843 2800 altorum
865 2731 1075 2798 Poiessierum
1097 2733 1227 2799 titulum
1249 2735 1294 2818 (n.
1317 2731 1374 2815 70)
1396 2751 1488 2800 uoce·

358 2833 478 2914 domus,
494 2834 550 2898 uhi
571 2833 788 2918 Ἀνταλκίδου,
806 2853 883 2918 ques
898 2835 1072 2917 phratriem
1088 2836 1184 2900 inisse
1207 2853 1300 2918 supro
1316 2838 1358 2918 (p.
1370 2835 1415 2899 64
1426 2837 1488 2919 sq.)

357 2937 457 3016 docui,
479 2936 610 3003 fundum
634 2939 816 3004 conductori
837 2938 960 3004 cuidem
982 2939 1125 3004 locent!
1148 2938 1282 3004 Paetum
1307 2938 1388 3004 illud
1409 2938 1489 3004 duc-

354 3040 414 3105 bns
437 3039 636 3122 expertibus
659 3041 836 3106 constitisse
858 3043 944 3124 puto.
988 3041 1093 3124 Atque
1114 3042 1198 3123 prior
1212 3061 1294 3126 pars,
1312 3042 1400 3134 cuius
1422 3041 1486 3107 ini-

350 3142 436 3206 tium
458 3143 560 3226 periit,
584 3143 762 3209 continebat
783 3143 978 3209 condiciones
991 3144 1154 3210 locationis
1165 3167 1181 3209 :¹
1196 3145 1228 3210 in
1241 3146 1331 3228 porte
1346 3163 1392 3224 ee,
1408 3163 1487 3228 quoe

356 3246 478 3311 servata
498 3247 555 3326 est,
579 3247 615 3312 nt
637 3247 815 3324 conductor,
843 3247 871 3312 si
900 3248 1040 3330 tempore
1071 3248 1239 3314 constituto
1272 3249 1447 3314 mercedem
1456 3248 1486 3334 ‘)

354 3367 417 3414 uon
438 3349 574 3428 solverit,
597 3350 646 3415 ins
669 3349 882 3416 conductionis
903 3349 1024 3432 perdet,
1046 3351 1265 3428 constituitur3
1289 3370 1367 3434 quoe
1389 3351 1416 3417 si
1440 3353 1487 3418 itu

356 3452 440 3530 sunt,
461 3451 575 3516 fundus
596 3451 652 3516 ille
674 3451 711 3516 fit
725 3452 825 3520 denne
841 3450 1089 3526 Antaleiderum‚
1105 3454 1203 3534 etque
1221 3452 1397 3518 Antulcidis
1410 3453 1488 3520 licet

354 3553 485 3618 fundum
507 3554 598 3618 illum
621 3554 677 3618 ent
697 3554 831 3620 vendere
854 3556 909 3619 ent
930 3553 1032 3618 locare
1054 3555 1097 3637 (v.
1112 3553 1244 3637 7-12).
1288 3553 1416 3619 Fundus
1431 3555 1486 3620 ille

355 3655 496 3720 vinetum
530 3655 627 3720 fnisse
657 3654 790 3728 videtur,
823 3674 895 3720 nem
927 3655 960 3720 in
992 3655 1091 3720 altene
1121 3673 1199 3737 qnae
1230 3655 1368 3740 sequitur
1398 3657 1488 3740 parte

354 3759 398 3839 (v.
416 3756 457 3822 13
473 3759 534 3840 sq.)
551 3755 760 3839 centimeter,
776 3757 932 3840 accepisse
947 3757 1167 3822 conductorem
1183 3757 1266 3822 delio
1276 3759 1318 3840 (v.
1330 3758 1483 3843 13-17),

458 3958 484 4028 1)
503 3960 537 4014 cf.
556 3959 711 4024 uneheim,
728 3959 783 4016 1.1.
810 3973 836 4026 p.
854 3959 890 4014 83
915 3961 973 4013 net.
991 3961 1025 4023 '23
1052 3959 1176 4025 Boseth,
1194 3960 1212 4014 L
1230 3960 1249 4015 1.
1267 3959 1301 4025 (c.
1318 3957 1478 4027 411-811).

457 4044 484 4114 2)
504 4047 537 4101 ο1
555 4047 625 4100 Ditt.
638 4045 707 4114 Syll.
725 4059 752 4099 n.
770 4045 824 4100 440
835 4046 1094 4113 v.17sq.;uu1er,
1112 4046 1129 4100 1.
1147 4046 1166 4100 l.
1179 4060 1206 4113 p.
1220 4046 1255 4100 24
1268 4059 1318 4113 sq.‚
1335 4060 1362 4113 p.
1377 4047 1412 4100 37
1424 4060 1467 4113 sq.

356 4131 512 4196 Thulheim,
531 4132 549 4186 l.
567 4131 585 4185 l.
742 4181 744 4184 .

456 4215 483 4285 3)
503 4217 569 4285 οἰκίη
587 4216 717 4284 στέγουσα
736 4230 775 4270 se.
797 4214 879 4284 ὕδωρ,
900 4215 934 4272 ef.
953 4215 1040 4270 Thus.
1059 4216 1097 4270 IV
1115 4217 1150 4272 94
1167 4219 1229 4285 νῆες
1244 4215 1322 4268 οὐδὲν
1334 4213 1486 4282 στέγουσαι.

354 4304 388 4359 ef.
407 4303 436 4358 O.
454 4303 480 4357 d.
498 4301 530 4356 A.
548 4301 574 4355 11
590 4317 618 4356 n.
637 4302 705 4356 1059
722 4316 749 4358 v,
767 4302 803 4358 22
820 4314 862 4369 sq.
880 4301 962 4354 οἰκίαν
980 4329 1013 4340 -
1031 4303 1177 4370 στέγουσαν
1194 4301 1237 4354 καὶ
1255 4301 1347 4370 ὀρθήν.

456 4387 484 4458 4)
502 4389 546 4443 De
563 4388 694 4443 mercede
711 4389 752 4456 (τὸ
768 4386 940 4457 secundnm)
959 4389 993 4444 ei.
1012 4402 1075 4456 app.
1094 4389 1181 4457 epigr.
