3322 5302
741 483 783 550 ⁷3

199 688 291 754 nibus
313 688 416 766 rebus,
439 687 470 752 et
492 686 626 750 externis
648 685 680 752 et
702 684 889 764 domesticis,
921 685 1046 750 omnine
1077 685 1127 750 sui
1156 685 1234 750 iuris
1256 685 1324 752 tee-

199 791 290 868 rent;
313 788 367 854 sed
391 807 462 854 eum
485 789 678 870 singularum
699 788 822 854 urbium
845 787 991 854 instituta
1011 789 1074 854 fere
1089 788 1193 854 essent
1214 787 1323 854 eadem

199 909 298 974 neque
320 891 482 958 titulorum
504 909 651 958 numerus
673 927 715 942 -
737 891 799 956 etsi
820 891 954 958 maxima
977 909 1083 957 eorum
1113 909 1184 972 pars
1206 892 1246 956 ad
1267 891 1326 958 illa

199 994 340 1076 tempera
360 993 521 1060 referenda
541 993 589 1059 est
611 1029 653 1042 -
675 992 812 1060 sufficiat
834 993 874 1058 ad
895 993 1137 1075 uniuscuiusque
1167 991 1253 1056 urbis
1274 992 1324 1057 in·

199 1095 310 1161 stituta
332 1095 498 1178 separatim
520 1094 693 1174 tractanda,
716 1096 904 1162 coniunctim
926 1095 982 1162 illa
1004 1095 1130 1179 quidem
1152 1094 1324 1176 explicabo,

200 1215 277 1279 quae
299 1216 370 1264 vere
392 1199 426 1264 in
449 1198 581 1283 singulis
604 1198 733 1264 urbibus
756 1198 877 1266 divema
908 1199 990 1276 sunt,
1023 1216 1060 1263 ea
1091 1215 1146 1263 suo
1177 1197 1245 1262 leco
1268 1197 1324 1263 ad-

199 1299 325 1367 notabo.

300 1403 447 1470 Univerei
469 1405 577 1488 pepuli
598 1406 710 1485 centio,
734 1406 816 1471 sieut
836 1405 921 1484 alibi,
954 1402 1114 1490 ἐκκλησία
1144 1401 1325 1486 appellaba·

143 1563 145 1566 .
197 1505 266 1582 tur;
289 1506 371 1589 qued
394 1527 465 1572 cum
486 1527 542 1590 per
564 1527 596 1573 se
618 1508 779 1590 probabile
809 1507 860 1587 eit,
892 1509 961 1573 tum
992 1506 1208 1589 comprobatur
1229 1505 1325 1570 etiam

197 1608 387 1676 Julietarum
408 1611 502 1676 titulo
524 1629 554 1676 n.
575 1610 629 1690 34,
652 1629 745 1695 quem
767 1629 862 1693 supra
882 1610 977 1676 attuli
989 1609 1025 1692 ι).
1070 1608 1141 1674 Non
1163 1607 1267 1674 emnia
1288 1625 1326 1672 ea

199 1713 397 1793 enumerabo,
420 1733 498 1797 quae
521 1714 665 1798 populus,
688 1715 769 1780 sicut
790 1715 824 1778 in
846 1713 916 1778 aliis
948 1713 1138 1792 civitatibus,
1161 1712 1245 1778 baud
1267 1709 1324 1776 du·

198 1813 248 1880 bie
271 1814 520 1896 administrabat,
544 1818 599 1883 sed
621 1837 657 1883 ec
679 1818 756 1896 sela,
778 1837 856 1900 quae
878 1836 896 1910 e
918 1817 1020 1882 titulis
1046 1815 1192 1898 colligere
1215 1833 1325 1896 pessu-

198 1936 280 1982 mus.
322 1919 371 1984 Ae
393 1927 529 2002 primum
552 1919 677 2002 quidem
698 1919 832 2002 populus
854 1919 886 1984 in
902 1917 1097 1984 contionibus
1120 1917 1324 2001 magistratus

200 2037 271 2084 sues
294 2021 436 2086 creabat:
458 2021 541 2104 qued
563 2022 692 2105 apparet
714 2040 751 2086 ex
772 2021 892 2086 duobus
914 2020 1016 2086 titulis
1028 2019 1064 2103 2),
1088 2019 1125 2086 de
1148 2020 1260 2102 quibua
1274 2019 1324 2084 in·

198 2121 246 2188 ira
269 2124 300 2208 (ᾗ
320 2123 355 2205 3)
378 2125 502 2190 uberius
527 2125 690 2191 dicendum
720 2125 789 2190 erit.
842 2125 962 2190 Deinde
983 2124 1068 2208 leges
1091 2125 1146 2190 aut
1168 2122 1326 2190 sanciendi
1386 2199 1389 2206 ¹

199 2228 254 2291 ant
274 2226 457 2308 repudiandi
479 2229 617 2310 potestas
649 2246 743 2310 penes
774 2227 923 2310 populum
954 2228 1032 2292 erat.
1090 2225 1218 2292 Praeter
1248 2225 1325 2290 deas

198 2328 271 2394 illes
293 2329 482 2396 Julietarnrn
504 2330 776 2411 Poiesaiorumque
797 2331 893 2414 leges,
919 2349 995 2412 quas
1026 2347 1118 2412 supra
1141 2326 1244 2405 attuli,
1268 2326 1325 2392 hnc

198 2431 283 2515 leges
305 2433 394 2498 nebis
417 2434 557 2500 servatae
580 2434 670 2498 sunt:
695 2431 890 2500 Cerceiorum
911 2433 962 2498 lex
976 2432 1014 2498 de
1031 2432 1081 2497 die
1096 2430 1231 2514 quedam
1245 2429 1325 2494 feste

198 2535 392 2601 sollemniter
413 2537 596 2602 celebrande
618 2540 663 2610 (ιι.
685 2536 753 2619 66),
778 2535 1034 2602 Cartbaeensiem
1055 2535 1106 2600 lex
1131 2533 1169 2598 de
1192 2532 1326 2599 fontium

199 2637 357 2702 curatione
381 2642 425 2720 (ιι.
450 2638 514 2720 15),
536 2637 729 2704 Julietarum
749 2638 835 2720 leges
857 2638 896 2703 de
911 2638 1114 2720 pecuniarum
1129 2636 1167 2702 ab
1189 2634 1325 2701 homini·

199 2736 258 2802 bna
272 2738 402 2819 privatis
418 2739 559 2821 Apollini
575 2739 654 2805 dene
671 2739 813 2804 datarum
828 2739 1094 2804 administratione
1110 2739 1154 2819 (ιι.
1164 2735 1205 2800 37
1216 2738 1249 2800 et
1257 2734 1324 2818 38),

199 2838 393 2906 Cerceiorum
413 2842 603 2908 Julietarum
626 2841 881 2908 Cartbaeensium
903 2839 996 2925 atque
1016 2842 1101 2907 baud
1123 2840 1216 2906 dubie
1230 2840 1325 2904 etiam

199 2943 409 3011 Poiessiorum
430 2946 516 3030 leges
532 2946 570 3013 de
585 2945 710 3012 rubrica
725 2945 912 3028 exportanda
927 2947 971 3030 (ιι.
990 2944 1075 3028 128).
1112 2943 1217 3010 ntem
1230 2941 1325 3010 mode

197 3045 388 3114 Julietarum
419 3049 506 3134 leges
542 3049 581 3116 de
618 3049 757 3133 pecuniis
788 3048 929 3132 Apollini
966 3049 1045 3116 dene
1077 3048 1158 3114 datis
1189 3043 1325 3112 admini-

199 3148 344 3218 strandis.
375 3151 436 3219 Sed
458 3172 520 3219 nen
542 3153 634 3220 mede
656 3152 738 3218 saeri
760 3151 878 3229 aerarii,
902 3151 1073 3218 sedetiam
1095 3151 1192 3215 toties
1213 3146 1327 3230 templi

199 3252 476 3320 administrationis
499 3275 621 3320 summa
643 3255 676 3319 in
697 3254 818 3320 insulae
842 3254 970 3319 urbibus
996 3254 1078 3334 carte
1109 3269 1203 3333 penes
1225 3267 1325 3330 pepu-

197 3355 267 3420 lum
290 3358 368 3436 erat,
399 3358 453 3438 qui
483 3356 523 3422 ad
556 3357 694 3440 singulas
725 3376 775 3422 res
806 3357 957 3440 gerendas
988 3353 1156 3439 ἱεροποιοὺς
1188 3351 1326 3434 eligebat

200 3459 245 3539 (n.
266 3456 308 3520 37
332 3459 364 3523 et
385 3459 452 3542 38).
496 3459 601 3524 Etiam
623 3459 741 3542 templa
762 3459 823 3524 nisi
845 3457 954 3541 populi
974 3459 1064 3524 iussu
1085 3456 1151 3522 deis
1173 3472 1235 3519 nen
1257 3470 1325 3516 esse

199 3561 379 3626 consecrata
400 3560 513 3645 collige
535 3580 572 3626 er
593 3561 644 3627 tit
660 3581 691 3627 n.
706 3561 738 3627 9.
782 3561 948 3627 Praeterea
961 3559 1094 3644 populus
1109 3558 1205 3624 etiam
1226 3551 1325 3622 vecti·

198 3661 283 3748 galia
304 3663 522 3746 constituebat,
545 3664 627 3748 quod
648 3664 778 3749 apparet
799 3683 836 3730 er
865 3663 968 3730 titulis
999 3661 1193 3729 Cerceiorum
1216 3659 1261 3742 (ιι.
1281 3652 1326 3719 66

198 3785 228 3831 v.
242 3765 283 3830 10
294 3786 341 3850 sq.
357 3768 389 3833 et
404 3787 434 3834 ιι.
449 3767 534 3852 128),
553 3767 808 3836 Carthasensium
826 3769 869 3852 (ιι.
884 3767 949 3851 14),
965 3767 1153 3834 Jrrlietarum
1166 3767 1211 3846 (ιι.
1220 3761 1277 3845 37)
1287 3761 1325 3845 ⁸).

302 3868 364 3934 Sed
385 3887 446 3936 nen
468 3871 641 3938 solemnes
663 3871 862 3949 domesticae,
892 3889 1000 3938 rerum
1030 3870 1126 3936 etiam
1147 3885 1253 3934 emnes
1276 3883 1324 3930 res

198 3973 341 4037 externae
364 3971 404 4037 ad
425 3974 576 4039 contionis
598 3975 759 4040 arbitrium
782 3973 987 4056 pertinebant.
1031 3971 1079 4038 Ae
1101 3972 1238 4054 primunr
1253 3969 1323 4054 qui-

304 4147 330 4215 1)
348 4161 375 4202 n.
394 4147 430 4201 34
447 4161 462 4201 c
480 4145 590 4217 [ἔδΙοΕεν
607 4149 642 4216 τῇ
658 4147 746 4218 βουλῇ
764 4147 806 4200 καὶ
823 4150 857 4218 τῇ
875 4145 1023 4218 §subvertit

300 4235 328 4302 2)
346 4249 373 4288 n.
391 4233 425 4288 66
443 4248 470 4287 v.
488 4235 540 4288 al:
566 4233 698 4301 αἱρεῖσθαι
724 4233 756 4286 δὲ
784 4233 825 4286 aet
846 4234 1043 4303 γυμναιίαρχον
1068 4231 1125 4296 ἅμα
1151 4235 1210 4292 ταῖς
1233 4231 1326 4290 ἄλλαις

198 4322 309 4390 dolatu
327 4335 355 4374 ιι.
373 4319 444 4374 CCV.
459 4322 493 4376 15
510 4319 739 4388 remanseram<
754 4323 783 4376 et
795 4335 823 4375 v,
836 4321 870 4375 17
881 4317 957 4387 ἄρξω
974 4318 1031 4388 vesse
1044 4317 1138 4388 ἀρχῙὴν
1150 4317 1200 4387 [Cle
1214 4313 1323 4386 ξρημοι.

301 4407 328 4474 3)
347 4408 382 4462 ef.
401 4409 486 4462 etlam
504 4407 698 4464 Peleseierem
714 4408 758 4462 tlt.
776 4422 804 4462 n.
822 4408 856 4462 69
874 4407 910 4475 (V
927 4406 960 4473 s.)
978 4408 1008 4462 et
1024 4420 1052 4460 n.
1071 4407 1105 4462 72
1123 4405 1170 4475 (lll
1186 4404 1220 4471 s.)
