3298 5304
890 500 953 563 146

358 705 409 770 len
432 703 576 769 sciretne
599 704 703 768 solche
725 703 785 768 Ab
807 723 837 768 u.
859 701 937 786 34¹)
961 739 1001 750 -
1024 701 1087 767 und
1109 701 1276 767 bosonders
1310 701 1370 766 den
1407 703 1490 768 Ein-

358 808 524 872 nahmen.“

463 910 633 974 Redituum
655 909 736 973 sacri
757 908 869 973 aerarii
890 926 943 972 sex
957 925 1071 992 genera
1083 908 1178 972 fuisse
1193 908 1355 973 videntur:
1380 908 1413 987 1)
1429 927 1491 991 po-

359 1015 476 1091 cuniae,
500 1031 578 1095 quae
601 1030 657 1094 pro
687 1011 822 1093 praediis
855 1011 966 1092 templi
996 1011 1107 1075 locatis
1138 1011 1303 1092 quotannis
1333 1009 1491 1086 redibant,

359 1119 393 1201 2)
416 1135 527 1182 usurae
549 1116 760 1197 pecuniarum,
784 1133 863 1197 quae
893 1114 1019 1178 mutuae
1051 1114 1206 1178 dabantur
1235 1114 1286 1177 vel
1307 1113 1492 1179 civitatibus

359 1221 409 1286 vel
430 1219 608 1283 hominibus
631 1218 773 1299 privatis,
795 1215 829 1299 3)
853 1235 982 1282 coronae
1003 1217 1054 1282 vel
1076 1236 1183 1282 earum
1201 1218 1345 1300 pretium,
1368 1235 1446 1298 quac
1471 1235 1493 1281 a

359 1320 593 1406 magistratibus
615 1319 856 1401 hominibusque
877 1320 1007 1401 privatis
1030 1339 1048 1384 a
1070 1321 1197 1385 civitate
1218 1320 1377 1384 honoratis
1400 1319 1492 1384 dedi-

360 1427 518 1502 cabantur,
546 1423 580 1504 4)
604 1422 770 1486 nonnullae
793 1422 920 1500 multae,
944 1442 1022 1504 quae
1043 1424 1075 1487 in
1099 1441 1222 1487 sacrum
1253 1423 1304 1488 dei
1334 1423 1491 1488 aerarium

360 1527 586 1604 deferebantur,
610 1526 645 1609 5)
670 1525 827 1607 pecuniae,
851 1544 929 1607 quae
951 1525 1009 1590 deo
1032 1525 1071 1590 ab
1093 1525 1270 1590 hominibus
1284 1527 1415 1608 privatis
1432 1526 1492 1592 do-

360 1630 514 1695 nabantur
523 1627 558 1709 ²),
581 1626 615 1710 6)
638 1629 724 1692 varia
746 1627 944 1692 donariorum
975 1647 1098 1711 genera.
1151 1629 1198 1692 De
1229 1629 1378 1711 impensis
1409 1629 1493 1694 nibil

360 1731 520 1808 discimus,
542 1729 597 1794 scd
619 1749 671 1794 cae
695 1729 774 1795 aliae
796 1731 892 1795 fuisse
907 1748 966 1794 non
983 1733 1113 1812 possunt
1128 1733 1220 1814 atque
1236 1733 1268 1795 in
1284 1734 1394 1797 ceteris
1410 1733 1490 1798 ciui·

360 1835 477 1901 tatibus
501 1833 637 1912 Graccis,
660 1835 747 1899 velut
768 1834 809 1898 ad
830 1834 949 1916 templa
970 1834 1086 1899 tuenda
1099 1837 1131 1900 et
1146 1836 1357 1913 restauranda,
1374 1837 1413 1901 ad
1438 1855 1492 1901 sa·

361 1937 476 2003 crificia
497 1937 693 2020 perficienda,
717 1936 757 2001 ad
780 1935 943 2000 sollemnia
966 1936 1158 2015 celebranda,
1184 1936 1224 2002 ad
1254 1938 1410 2018 stipendia
1432 1958 1490 2004 va·

361 2042 415 2106 riis
437 2042 548 2124 templi
569 2040 722 2106 ministris
741 2038 904 2122 pendenda
925 2039 1049 2121 aliaque
1062 2039 1099 2123 ⁸).

467 2145 626 2210 Diseimus
649 2143 780 2226 denique
803 2161 839 2206 ex
861 2140 1115 2207 Carthaeensium
1136 2144 1230 2209 titulo
1251 2144 1307 2210 illo
1330 2145 1491 2228 Apollinis

360 2249 392 2312 ot
415 2247 595 2331 Aesculapii
610 2249 728 2312 aeraria
743 2249 931 2313 coniunctim
947 2246 1163 2310 administrata
1177 2265 1244 2312 esse
1255 2246 1292 2329 ⁸).
1326 2247 1387 2312 Sed
1402 2268 1492 2314 sacra

362 2353 479 2416 aeraria
507 2353 538 2414 et
560 2351 686 2433 publiea
716 2351 884 2432 separatim
915 2350 1222 2428 administrabantur,
1243 2351 1300 2416 illa
1322 2371 1340 2416 a
1364 2351 1492 2436 ταμίαις

361 2462 423 2516 τῶν
446 2453 535 2535 ἱερῶν
557 2453 743 2537 χρημάτων,
769 2452 846 2518 haec
868 2472 887 2516 a
909 2454 1072 2534 quaestore
1096 2461 1150 2516 τοῦ
1173 2452 1333 2537 δήμου)
1357 2454 1395 2518 de
1419 2455 1491 2536 qni-

361 2557 418 2621 bus
441 2575 514 2620 cum
535 2576 628 2638 snpra
650 2559 695 2638 (p.
716 2553 760 2620 90
783 2558 815 2619 ct
835 2555 892 2640 93)
923 2556 1047 2620 uberius
1084 2556 1314 2638 disputaverim,
1346 2576 1407 2622 non
1441 2559 1493 2622 est

361 2658 444 2742 quod
464 2659 523 2724 hoc
545 2659 613 2724 loco
635 2678 671 2723 ea
695 2659 870 2723 rebactem.
915 2658 1061 2723 Ceterum
1082 2677 1161 2740 quae
1180 2658 1217 2723 de
1235 2658 1493 2725 Carthaeonsinm

361 2762 441 2828 sacri
464 2762 574 2826 aerarii
596 2762 866 2827 administratione
889 2762 989 2840 docui,
1005 2760 1089 2825 baud
1106 2761 1200 2826 dubio
1214 2763 1310 2826 etiam
1325 2762 1362 2825 de
1379 2763 1491 2828 ceteris

362 2866 415 2931 Cei
437 2866 558 2930 insulae
582 2865 761 2931 civitatibus
784 2865 846 2930 dici
868 2866 981 2946 potest.

464 2968 631 3048 Reliquum
644 2969 702 3031 est
724 2969 760 3030 ut
782 2967 820 3031 de
851 2968 990 3048 pecuniis
1023 2967 1123 3032 dicam
1156 2969 1195 3032 ab
1225 2968 1402 3032 hominibus
1424 2969 1492 3050 pri-

362 3070 444 3134 vatis
468 3070 525 3134 deo
548 3068 670 3133 cuidam
694 3069 774 3132 dono
798 3067 921 3148 ratim),
947 3070 1139 3134 documentis
1161 3089 1235 3134 usus
1255 3069 1373 3134 duobus
1387 3071 1491 3136 Julie·

465 3309 491 3378 1)
508 3308 567 3363 Ἐπὶ
581 3308 710 3380 ἄρχοντος
719 3307 900 3372 Ἀλεξιτὲλους
916 3307 1120 3380 Ἀριστοπείθης
1134 3308 1328 3378 Ἐρασικλείους
1336 3313 1494 3384 χορηγήσας

361 3384 505 3455 παισὶνέἰς
522 3395 605 3464 Δῆλον
623 3395 807 3462 στεφανωθεὶς
823 3396 872 3447 ὑπὸ
890 3399 937 3446 τοῦ
954 3396 1040 3464 δῆμον
1056 3399 1148 3464 χρυσῷ
1167 3397 1289 3466 στεφάνῳ
1301 3397 1428 3467 ἀνέθηκεν
1445 3400 1491 3450 τὸν

361 3483 492 3549 στέφανον
518 3485 557 3549 τῷ
583 3478 727 3534 Ἀπόλλωνι
753 3482 878 3550 δραχμὰς
902 3482 1003 3539 ἑκατόν.
1038 3485 1099 3540 Hoc
1125 3487 1304 3540 enuntiatum
1320 3501 1379 3540 non
1397 3487 1493 3541 solnm

361 3571 498 3637 temporis
527 3570 690 3624 delinitione
718 3571 769 3624 sed
796 3572 882 3624 etiem
901 3585 935 3624 eo
962 3571 1100 3625 coeteris
1123 3571 1216 3626 differt
1234 3573 1396 3635 enuntiatis,
1414 3573 1493 3639 quod

362 3655 506 3722 copiosius
525 3657 570 3709 est
588 3657 764 3723 conceptum.

465 3741 492 3807 2)
511 3741 554 3794 De
572 3741 626 3795 boc
644 3743 742 3808 quinto
761 3757 867 3809 genere
884 3743 958 3796 inira
975 3743 1091 3797 uberius
1109 3744 1208 3798 dicam.

468 3826 499 3894 3)
514 3840 537 3879 e.
557 3840 583 3893 g.
602 3840 688 3893 supra
707 3827 741 3894 (p.
761 3825 806 3894 94)
826 3828 961 3891 vidimus,
980 3829 1120 3894 quomodo
1140 3829 1196 3882 duo
1224 3828 1317 3882 fontes
1344 3829 1408 3883 rivo
1427 3830 1493 3883 sub·

362 3910 494 3964 terraneo
514 3925 578 3965 oum
597 3910 707 3965 Cereris
725 3913 830 3980 templo
849 3915 944 3967 essent
963 3913 1114 3977 coniuncti,
1132 3913 1165 3967 ut
1182 3915 1288 3982 templo
1307 3928 1409 3982 aquarn
1426 3929 1492 3982 snp-

363 3995 531 4062 peditarent.

355 4089 360 4098 '
465 4083 494 4148 4)
513 4083 547 4136 cl.
565 4083 711 4147 Halbherr,
730 4085 748 4138 1.
766 4084 784 4138 l.
803 4098 829 4150 p.
848 4084 908 4138 216.

467 4165 494 4234 5)
514 4168 547 4220 ei.
567 4167 715 4232 Swoboda,
734 4169 753 4222 l.
771 4169 789 4223 l.
807 4184 833 4236 p.
852 4168 910 4222 293.

466 4253 492 4320 6)
512 4254 624 4309 Similes
642 4256 719 4310 tituli
737 4257 803 4310 sunt
822 4257 890 4310 Ditt.
909 4256 978 4324 Syll.
996 4271 1023 4310 n.
1041 4255 1101 4320 233,
1120 4271 1147 4310 n.
1165 4257 1238 4320 349;
1264 4255 1405 4324 chgabe,
1425 4255 1492 4311 Ant.

362 4337 432 4391 Hell.
452 4338 476 4390 ll
502 4353 529 4392 n.
558 4338 619 4402 689,
647 4355 674 4393 n.
693 4340 771 4394 salo
790 4361 823 4385 =
841 4341 880 4394 Le
898 4339 954 4394 Bas
973 4341 996 4393 ll
1023 4355 1049 4394 n.
1082 4341 1167 4404 17543
1196 4340 1492 4404 decretale,

362 4437 388 4476 n.
401 4423 485 4489 laem
504 4425 542 4478 Le
558 4424 622 4490 Bas,
633 4426 699 4480 Asia
717 4427 783 4480 min.
795 4442 822 4480 n.
837 4428 913 4481 1611.
933 4427 973 4482 of.
983 4427 1132 4492 Swoboda,
1145 4427 1237 4482 Wien.
1251 4427 1330 4482 Stud.
1342 4427 1382 4481 Xl
1402 4427 1492 4496 (1889)
