3322 5302
889 473 952 538 118

358 699 451 764 supra
483 679 608 746 centum
639 678 802 760 drachmas
826 677 1014 746 :aestimatae
1051 676 1117 741 sine
1150 675 1216 740 ullo
1249 673 1427 740 discrimino
1449 674 1483 740 et

352 782 499 863 'Athenis
522 782 554 847 et
574 781 605 846 in
628 777 814 847 insulacoo
838 781 890 864 agi
927 779 1087 862 poterant3
1126 779 1270 860 poterant
1302 775 1398 842 etiam
1431 794 1482 841 res

357 883 411 950 Oai
440 884 504 950 iam
537 882 739 966 diiudicatae·
757 882 797 949 cd
827 882 1065 948 Atheniensium
1096 879 1211 946 iudicia
1244 878 1366 944 defen-i.
1410 877 1482 945 Ma-

356 987 506 1071 gistratus
537 984 667 1053 (leolum
705 985 787 1051 siout
817 985 949 1052 Athenis
979 981 1152 1069 ,ἡγεμονίαν
1185 979 1388 1066 δικαστηρίου
1423 980 1482 1046 ha-

357 1089 472 1155 bebant
493 1088 526 1153 in
550 1089 692 1154 omnibus
714 1089 805 1154 rebus
828 1087 868 1153 ad
899 1087 1092 1171 provinciam
1114 1103 1221 1151 eorum
1244 1083 1481 1168 pertinentibus.

356 1190 461 1260 Etiam
505 1207 670 1259 causarum
710 1191 856 1273 patronos
902 1189 1066 1274 (σύνδικοι)
1100 1187 1273 1254 ininsula
1310 1187 1407 1252 fuisse
1443 1205 1482 1252 ex

358 1294 611 1361 Carthaeensium
642 1293 777 1377 quodam
808 1293 902 1362 titulo
925 1292 1071 1376 colligere
1093 1297 1268 1374 possumus.
1311 1288 1483 1356 Actionum

358 1398 484 1464 nomina
502 1398 658 1481 permulta
680 1396 734 1463 Osi
748 1397 795 1463 ab
810 1395 1054 1462 Atheniensibus
1076 1395 1271 1478 petiverunt:
1295 1390 1481 1476 ἀπογραφή,

359 1499 462 1584 φάσις,
488 1497 624 1582 ἔνδειξις,
651 1497 792 1584 μήνυσις,
818 1495 1016 1582 εἰσαγγελία,
1051 1495 1105 1562 sed
1127 1496 1253 1561 nomina
1275 1495 1332 1560 illa
1352 1494 1483 1560 minime

295 1629 299 1638 .
358 1603 439 1668 sicut
470 1601 553 1685 apud
574 1602 780 1668 Athenienses
811 1602 912 1668 veihs
944 1601 1081 1666 actiones
1115 1598 1306 1682 significasse
1329 1597 1483 1662 videntur.

357 1703 566 1790 ῗΑπσγραφήν
581 1705 665 1770 enim
687 1707 715 1770 si
737 1705 901 1788 exceperis,
919 1705 1020 1770 cetera
1041 1705 1167 1768 nonnus
1188 1701 1267 1766 nihil
1284 1700 1370 1767 aliud
1384 1701 1483 1784 signi·

358 1807 453 1873 licant
483 1805 544 1872 nisi
575 1807 760 1890 simpliciter
794 1806 1033 1884 „delationem“,
1058 1805 1171 1888 Gaique
1192 1803 1295 1869 verbis
1329 1803 1394 1868 illis
1417 1803 1484 1868 sine

358 1909 424 1978 ullo
454 1908 631 1975 discrimine
662 1910 836 1992 promiscue
868 1909 1052 1975 utebantur:
1083 1908 1156 1990 quin
1192 1906 1287 1972 etiarn
1319 1905 1351 1970 in
1375 1905 1484 1971 eodem

358 2012 451 2080 titulo
484 2011 521 2076 de
552 2011 722 2097 eademqne
753 2031 846 2078 causa
876 2012 1009 2095 legimns
1041 2011 1167 2076 nornine
1198 2006 1343 2091 ἔνδειξις,
1377 2005 1481 2091 φάσις,

361 2113 508 2200 prienam!
545 2113 719 2180 Multarum
742 2114 872 2180 dimidia
893 2132 965 2197 pars
987 2113 1176 2196 reipublicae
1198 2111 1328 2198 cessisse
1350 2109 1483 2188 ridetur,

359 2217 489 2282 alteram
513 2215 685 2298 accipiebat
707 2217 877 2282 accusator.
914 2215 1036 2281 Aerarii
1058 2214 1212 2280 debitores
1236 2215 1264 2279 si
1284 2230 1346 2279 non
1367 2211 1484 2295 pende·

360 2319 444 2399 bant,
467 2316 568 2382 multa
590 2317 685 2384 fiebat
707 2318 860 2402 sescupla.
896 2318 1056 2397 Mulieres,
1077 2317 1216 2384 libertini
1239 2317 1332 2399 atque
1354 2315 1485 2382 fortasse

359 2421 453 2487 etiam
477 2420 622 2504 inquilini
643 2419 704 2502 ipsi
726 2420 815 2486 litem
836 2420 1000 2485 instituere
1023 2439 1082 2486 non
1104 2420 1258 2502 poterant.

516 2965 560 3036 5.
595 2965 666 3036 De
691 2962 974 3070 oeconomia
995 2960 1070 3032 rel
1091 2960 1329 3046 publicae.

464 3132 635 3216 Postquam
658 3131 695 3196 de
717 3131 784 3197 tota
805 3130 852 3195 rei
873 3129 1015 3212 publicae
1038 3128 1191 3213 gerendae
1205 3130 1323 3196 ratione
1346 3136 1384 3209 ἐς
1399 3128 1486 3194 a-4

361 3237 535 3322 expositum
558 3236 615 3314 est,
638 3235 745 3314 restat,
768 3234 804 3299 ut
826 3233 931 3311 etiarn,
954 3250 1032 3314 quae
1055 3251 1092 3296 er
1113 3231 1215 3298 titulis
1237 3231 1352 3298 nostris
1375 3232 1412 3297 de
1433 3249 1486 3296 re·

361 3341 478 3408 ditibus
502 3337 737 3430 sumptibusque
759 3335 893 3420 publicis
909 3334 1016 3418 colligi
1030 3335 1160 3427 possint,
1175 3334 1309 3400 breviter
1325 3353 1486 3418 exponam.

361 3443 539 3525 Antequam
561 3425 666 3517 autem
688 3439 725 3504 do
747 3438 898 3514 reditibus
918 3436 1153 3519 sumptibusque
1170 3436 1282 3514 dicam
1298 3423 1393 3508 liceat
1407 3435 1485 3502 mihi

361 3543 520 3628 paneade
543 3541 739 3618 Osi-insulae
760 3561 794 3606 re
817 3540 992 3606 nummaria
1003 3539 1029 3621 ¹)
1051 3540 1193 3623 praefari.
1240 3617 1243 3621 ι

465 3645 568 3726 Atque
582 3643 628 3708 Vl
643 3643 675 3708 et
689 3645 718 3709 V
733 3663 758 3708 s.
781 3643 907 3708 ineunte
929 3661 1026 3726 usque
1049 3641 1088 3708 ad
1110 3661 1224 3708 annum
1247 3661 1273 3708 c.
1289 3640 1354 3706 480
1369 3662 1397 3707 a.
1414 3641 1483 3708 Chr.

362 3744 415 3821 Cei
437 3745 557 3811 insulae
580 3763 652 3810 suos
673 3762 814 3828 quaeque
837 3745 910 3810 urbs
933 3744 1078 3827 signabat
1099 3763 1254 3811 nummos.
1285 3744 1416 3810 Nummi
1437 3743 1485 3809 illi

362 3846 617 3940 erantsrgcntei.
663 3846 737 3926 „Ihr
758 3847 919 3914 Menzuss
931 3846 955 3928 ²)
978 3848 1021 3912 ist
1043 3847 1097 3913 der
1113 3847 1232 3913 damals
1249 3845 1307 3912 <len
1322 3844 1485 3930 Kykladen

466 4135 491 4200 1)
510 4135 544 4190 cf.
563 4133 650 4190 Catel.
669 4133 701 4188 of
715 4135 804 4202 greek
822 4135 909 4196 coins,
928 4131 1011 4188 Crete
1029 4134 1084 4188 and
1096 4132 1144 4188 the
1158 4134 1273 4200 Aegean
1283 4132 1399 4196 islanis,
1415 4132 1487 4187 hon·

362 4222 419 4290 cion
437 4221 505 4278 1886
522 4237 551 4290 p,
567 4221 602 4276 89
620 4234 678 4289 sq.;
696 4219 782 4286 Hecu,
799 4221 926 4276 Historia
948 4233 1108 4284 numerum,
1126 4218 1339 4282 Oxiord1887;
1367 4217 1486 4272 lrnhoof-

361 4308 485 4372 Blumer,
503 4307 573 4362 Abla.
592 4308 618 4362 d.
636 4307 733 4376 bayer.
750 4307 835 4362 Accu
855 4306 930 4370 1890,
949 4304 1134 4361 Griechische
1151 4305 1271 4360 Munaen
1287 4319 1314 4374 p.
1332 4305 1384 4360 536
1402 4317 1443 4371 sq.

464 4395 491 4464 2)
510 4395 544 4451 cf.
562 4394 798 4450 ImbeciBlumer
814 4394 833 4450 l.
851 4394 869 4450 l.
887 4408 914 4462 p.
931 4394 983 4448 537
1002 4407 1043 4462 sq.
