3322 5302
742 503 783 568 91

204 705 283 790 κρέα
305 703 478 792 κα[1τ]ῶν
501 705 589 788 ἱερῶν
611 704 824 789 προίστασθαι
848 707 941 790 atque
965 726 1070 772 omnes
1098 708 1216 772 solvere
1238 709 1331 789 pecn-

203 809 271 874 nias
294 807 334 874 ad
357 808 440 874 diem
462 807 576 872 festum
598 808 658 872 rite
681 807 899 874 celebrandum
928 810 1125 876 necessarias.

307 909 413 998 ’Άλλο
435 909 461 972 δ’
483 910 565 986 εἱδος
586 908 765 996 ἐπιμελείας
779 910 801 994 ’ἡ
817 913 887 994 περὶ
901 913 972 987 τοὺς
987 911 1093 994 θεούς,
1112 913 1177 976 οἱον
1199 910 1332 994 ἱερεῖς

205 1014 343 1077 τεκαὶ
365 1011 634 1097 ἐπιμεληταὶ
665 1020 745 1076 τῶν
776 1015 872 1096 περὶ
905 1015 953 1076 τὰ
976 1013 1070 1097 ἱερὰ
1092 1023 1146 1078 τοῦ
1170 1011 1333 1091 σώζεσθαί

207 1135 242 1178 τε
267 1117 308 1178 τὰ
330 1114 514 1200 ὑπάρχοντα
537 1117 592 1178 καὶ
615 1115 832 1198 ἀνορθοῦσθαι
847 1117 887 1178 τὰ
913 1115 1066 1180 πίπτοντα
1082 1124 1144 1180 τῦν
1166 1116 1332 1200 οἰκοδομη-

207 1217 313 1300 μάτων
336 1220 392 1282 καὶ
414 1226 477 1284 τῶν
492 1217 598 1284 ἄλλων
613 1219 674 1282 ὅσα
689 1217 841 1282 τέτακται
858 1221 933 1302 πρὸς
949 1221 1019 1294 τοὺς
1035 1219 1140 1294 θεούς.
1160 1240 1206 1282 συ
1218 1219 1297 1305 μβα
1308 1218 1332 1282 1-

204 1339 266 1384 νει
288 1319 331 1384 δὲ
355 1321 434 1404 τήν
456 1320 715 1406 ἐπιμέλειαν
738 1321 901 1407 ταύτην
923 1321 1050 1406 ἐνιαχοῦ
1073 1323 1128 1406 μὲν
1151 1321 1229 1384 εἶναι
1246 1319 1330 1405 μίαν,

204 1423 269 1487 οἱον
293 1423 326 1487 ἐν
348 1432 418 1499 ταῖς
440 1431 565 1508 μικραῖς
595 1422 737 1506 πόλεσιν,
773 1423 953 1509 ἐνιαχοῦ
985 1424 1028 1488 δὲ
1061 1422 1227 1499 πολλὰς
1255 1425 1333 1486 Υκαὶ

204 1524 534 1610 κεχωρισμένας
569 1533 644 1609 τῆς
678 1525 925 1610 ἱερωσύνης,
961 1527 1052 1590 οἱον
1086 1525 1333 1608 ἱεροποιοὺς

205 1629 266 1696 καὶΙ
284 1625 488 1709 ναοφύλακας
520 1629 594 1692 καὶ
627 1626 784 1712 ταμὶας
816 1636 894 1692 τῶν
927 1627 1051 1712 ἱερῶν
1085 1628 1329 1714 χρημάτων.

205 1725 326 1807 Quibus
349 1728 530 1794 Aristotelis
541 1727 567 1812 ¹)
589 1730 691 1794 verbis
713 1730 763 1794 usi
785 1730 946 1812 aptissima
968 1749 1020 1795 eos
1035 1730 1236 1812 magistratus
1260 1747 1332 1794 exa-

204 1829 402 1909 mnabimus,
435 1831 546 1913 quibus
581 1829 743 1916 ἐπιμέλεια
774 1832 830 1896 illa
861 1834 932 1915 περὶ
954 1834 1026 1906 τοὺς
1057 1831 1151 1907 θεοὺς
1181 1832 1333 1914 permissa

205 1935 281 2000 erat.

308 2035 356 2100 Ac
378 2035 479 2116 primo
501 2035 626 2118 quidem
648 2036 715 2101 loeo
739 2036 923 2102 Aristoteles
951 2036 1050 2102 adfert
1081 2036 1332 2102 sacerdotes

206 2137 336 2223 (ἱερεῖς).
359 2139 419 2203 Dei
433 2139 465 2204 in
487 2139 590 2204 insula
612 2139 793 2204 colebantur
815 2139 891 2204 satis
914 2139 1007 2204 multi
1029 2158 1180 2222 suumque
1203 2140 1332 2222 quisque

205 2242 358 2325 templum
372 2241 508 2308 habebat
523 2242 575 2326 (of.
586 2244 667 2308 inira
677 2244 696 2325 §
707 2241 752 2325 5),
772 2262 845 2326 ergo
861 2243 957 2308 otiam
973 2261 1044 2308 suos
1060 2241 1206 2308 habuisse
1229 2261 1332 2308 sacer?

205 2345 292 2412 doies
315 2346 515 2412 menifestum
537 2347 593 2425 esi,
614 2345 668 2412 secl
691 2347 770 2412 nihil
793 2347 831 2412 dc
855 2347 913 2412 hac
935 2367 966 2412 re
990 2367 1026 2412 ex
1048 2347 1150 2412 titulis
1172 2347 1332 2414 discimus.

205 2450 314 2514 111τὶκὶ
328 2449 582 2532 quidemtiinlns
599 2450 641 2528 (n.
656 2449 721 2532 84),
739 2451 793 2515 ubi
810 2451 884 2516 hacc
900 2451 1054 2534 legimus:
1078 2448 1179 2537 Θε]οἱ.
1205 2449 1333 2516 Φιλετὼ

205 2550 392 2630 Δεξικλέους
413 2553 563 2637 θυγάτηρ
586 2551 682 2636 ἱέρεια
711 2552 864 2638 γενομένη
898 2552 1041 2639 Δήμητρι
1072 2553 1245 2640 ἀνέθηκεν,
1279 2555 1332 2620 scd

205 2655 327 2720 nullum
349 2673 385 2720 ex
406 2655 500 2720 iiinlo
522 2655 578 2720 illo
601 2655 737 2720 fructum
761 2674 868 2737 capere
891 2675 1065 2740 possumus,
1093 2656 1155 2721 nisi
1176 2658 1209 2720 in
1231 2657 1334 2722 insula

206 2756 266 2822 Ceo
290 2756 336 2839 (id
358 2755 440 2838 qnod
471 2775 507 2822 er
538 2775 571 2822 se
603 2757 810 2841 intellegitur)
842 2759 951 2824 etiam
970 2759 1115 2825 muheres
1146 2758 1332 2840 quibusdam

205 2859 375 2944 praefuisse
398 2859 588 2926 sacerdotiis.
632 2860 668 2924 In
689 2859 878 2926 Julioiarum
900 2861 950 2925 eit.
973 2880 1004 2926 n.
1036 2861 1079 2924 54
1110 2879 1331 2928 commemora·

205 2965 257 3028 tur
280 2962 454 3047 ἀρχιερεύς,
480 2963 534 3043 qui
556 2961 717 3048 ἀρχιερεύς
733 2981 825 3045 quern
840 2963 984 3029 dicebant
1006 2970 1069 3028 τῶν
1091 2962 1260 3049 Σεβαστῦν
1283 2963 1299 3028 f
1317 3000 1331 3014 ·

204 3067 267 3132 isse
289 3065 421 3132 videtur.

308 3166 427 3234 Deinde
450 3167 489 3232 ab
511 3167 682 3234 Aristotele
711 3169 732 3233 1.
764 3169 786 3233 l.
819 3169 1038 3234 enumerantur
1060 3169 1249 3256 ἐπιμεληταὶ
1271 3178 1333 3234 τῦν

206 3273 276 3353 περὶ
298 3273 339 3334 τὰ
361 3269 428 3354 ἱερά
450 3270 530 3334 inter
552 3288 663 3352 eosque
694 3270 794 3351 primo
825 3270 893 3335 loeo
917 3271 1144 3354 ἱεροποιοὶ.
1201 3274 1334 3337 Exstant

206 3371 688 3456 11111εροποιο11ο1ι111ο1οιαιο
711 3372 761 3435 i't.
785 3391 814 3436 n.
845 3371 935 3454 37²).
990 3373 1146 3438 anentnr
1168 3393 1197 3438 ν.
1222 3373 1261 3438 11
1286 3392 1332 3456 sq.

206 3477 383 3557 quaestores
406 3473 567 3557 ἱεροποιοῖς
579 3473 725 3558 pecunias
748 3492 872 3556 erogare
892 3475 935 3550 εἰς
951 3476 1010 3560 τὴν
1025 3474 1248 3561 ἐπισ]κευήν1)
1271 3482 1333 3540 τῦν

207 3575 296 3662 ἱερῶν
319 3578 375 3640 καὶ
397 3577 456 3660 τήν
479 3574 595 3640 θυσίαν
617 3578 676 3642 eie.
719 3577 964 3659 Hieropoeorarn
982 3578 1048 3644 iria
1062 3597 1174 3662 genera
1189 3579 1263 3642 suni
1284 3577 1332 3644 di·

207 3681 410 3764 stinguenda:
444 3683 476 3762 1)
508 3681 537 3746 οἱ
568 3682 620 3746 ἐπὶ
641 3683 682 3745 τὰ
704 3681 876 3767 ἐκθύματα
898 3681 1100 3770 καλούμενοι,
1134 3681 1169 3762 2)
1200 3681 1229 3746 oi
1261 3680 1334 3745 κατ’

310 3906 335 3976 1)
355 3908 388 3962 oi.
407 3908 523 3962 Ariston.
541 3908 625 3962 Polio.
643 3907 693 3962 VII
711 3906 768 3976 (vl)
786 3907 804 3960 8
822 3921 848 3974 p.
868 3907 936 3962 1322
955 3910 978 3961 ο.

310 3994 336 4062 2)
354 3994 397 4048 De
413 3995 574 4061 hieropoeis
599 3994 632 4048 ct.
651 3994 796 4057 Dosrmer‚
825 3994 868 4048 Dc
886 3993 985 4048 Graec.
1010 3993 1104 4048 sacrif.
1133 3993 1181 4059 qni
1208 3993 1336 4060 ἱεροποιοὶ

207 4079 347 4145 dicuntur,
366 4080 481 4148 Argeno.
510 4080 595 4144 1883;
622 4079 746 4147 stengel,
773 4080 821 4134 lw.
839 4079 962 4134 Miiller’s
989 4079 1058 4134 Hdb.
1086 4079 1146 4136 Va
1175 4093 1201 4146 ρ.
1229 4079 1264 4132 34
1290 4093 1332 4146 sq.

207 4165 382 4234 sangonam
407 4167 512 4222 mirum
538 4167 568 4222 in
594 4167 709 4222 modurn
726 4165 758 4220 11
776 4165 911 4220 Schoellii
938 4166 973 4221 de
999 4166 1160 4233 hieropocis
1179 4166 1333 4234 disputatio

207 4252 315 4320 optima
341 4253 449 4320 fugisse
475 4252 589 4306 videtur
620 4251 653 4306 cf.
672 4251 793 4314 Schoell,
824 4250 942 4306 Sioaber.
962 4252 987 4306 (1.
1016 4252 1113 4320 bayon.
1131 4251 1216 4307 Acad.
1236 4252 1333 4306 18871

206 4351 233 4404 p.
252 4337 322 4404 lsq.
343 4337 530 4402 „Athenisohe
541 4337 854 4394 Festcommissionen.‘
887 4337 1005 4392 Ariston.
1022 4333 1112 4408 Ἀθην.
1126 4337 1184 4392 πολ.
1202 4337 1244 4402 54,
1263 4338 1332 4405 osq.

309 4416 337 4490 3)
355 4423 494 4478 Halbherr
511 4425 579 4492 πρὸς
593 4425 641 4494 τὴν
658 4423 836 4494 norwicensis,
855 4425 905 4480 sed
923 4425 957 4479 os.
975 4438 1037 4492 app.
1056 4425 1143 4492 epigr.
