3322 5302
849 437 892 502 56

312 625 457 708 numerus
480 661 648 726 perparvus
663 645 719 708 eet.
744 643 811 708 Iam
826 661 897 708 vero
921 661 971 708 eos
995 641 1116 708 servato
1137 644 1313 725 temporum
1328 641 1434 707 ordine

208 733 210 738 ’
311 727 581 826 peilusuaomus.
625 746 728 828 Atque
759 747 927 812 honoratur
957 745 990 810 in
1012 744 1201 810 Julietarum
1222 744 1316 810 titulo
1338 764 1369 809 n.
1391 742 1434 806 52

310 849 409 926 Livia,
434 848 544 914 coniux
568 848 767 931 imperatoris
789 848 947 932 Augusti:
970 846 987 909 ὁ
1010 845 1107 932 δῆμος
1129 845 1256 933 Aestiua
1279 845 1433 930 αὐτοκρά-

313 971 399 1034 τορος
420 948 580 1034 Καίσαρος
601 958 751 1034 γυναῖκα.
798 949 923 1014 Boeokh
949 949 1079 1015 titulum
1101 948 1191 1013 illum
1214 947 1253 1014 ad
1276 947 1433 1023 Sabinam,

312 1051 511 1135 Imperatoris
534 1052 687 1117 Hadriani
709 1051 881 1135 coniugem,
892 1051 1044 1133 pertinere
1059 1050 1200 1133 putabat,
1216 1050 1271 1116 sed
1285 1049 1435 1115 Boeclrhii

313 1155 490 1220 coniectura
512 1155 586 1220 ferri
608 1173 669 1220 non
691 1155 803 1237 potest,
820 1173 892 1219 oum
914 1155 945 1219 in
968 1144 1072 1235 lapide
1087 1151 1269 1218 AEIBIAN
1285 1153 1434 1235 scriptum

312 1257 371 1336 sit,
404 1276 503 1340 noque
538 1258 703 1340 quicquam
734 1257 806 1321 ante
828 1257 956 1322 verbum
978 1254 1138 1340 Καίσαρος
1159 1254 1250 1320 desit.
1295 1255 1434 1320 Incertae

311 1360 424 1426 aetatis
456 1364 530 1426 sunt
550 1359 740 1426 Julietarum
771 1360 857 1425 tituli
887 1380 918 1425 n.
941 1351 1090 1424 54ss56
1120 1361 1151 1424 et
1173 1378 1204 1423 n.
1227 1357 1281 1437 59,
1303 1377 1434 1440 quorum

311 1483 341 1528 n.
364 1463 407 1526 59
428 1465 461 1528 in
484 1465 630 1530 honorem
652 1464 737 1529 Deae
760 1463 877 1529 Romae
900 1463 1042 1528 exaratus
1064 1464 1128 1539 est3
1161 1461 1352 1544 reliquorum
1382 1481 1434 1526 ar-

311 1569 461 1650 gumenta
491 1567 567 1632 satis
598 1567 671 1632 sunt
704 1566 882 1650 obscura¹).
927 1566 1040 1631 Dicata
1070 1566 1229 1648 praeterea
1259 1566 1307 1630 eet
1330 1565 1435 1629 statua

311 1669 489 1735 Domitiano
519 1671 562 1751 (n.
585 1669 629 1732 60
651 1669 875 1754 Atroapdtopu
898 1669 1080 1755 deprauata
1102 1667 1251 1751 Καίσαρα
1273 1666 1435 1754 Σεβαστὸν

310 1769 534 1860 Γερμανικόν)ε
568 1772 621 1854 qui
656 1791 726 1836 oum
750 1770 951 1838 Germanicus
974 1771 1025 1836 hio
1048 1771 1090 1836 sit
1112 1771 1222 1850 dictus,
1245 1769 1435 1838 Julietarum

311 1874 365 1938 ille
387 1873 499 1940 titulus
521 1875 604 1940 intra
626 1894 721 1940 annos
743 1868 1043 1939 saeratissimo
1071 1874 1114 1940 sit
1135 1891 1259 1938 necesse
1281 1874 1338 1952 est,
1362 1891 1433 1937 nam

312 1977 509 2043 Domitianus
542 1997 569 2042 a.
593 1977 636 2041 84
669 1980 741 2060 post
771 1977 998 2059 expeditionem
1029 1977 1062 2041 in
1096 1974 1224 2042 Chattos
1259 1975 1435 2057 susceptam

313 2079 516 2144 Germanicus
540 2079 714 2163 appellatus
737 2078 833 2160 est²).
877 2079 927 2143 Ab
958 2077 1071 2143 iisdem
1091 2077 1220 2144 Julietis'
1252 2077 1356 2142 statua
1377 2075 1435 2142 ho·

312 2183 437 2248 noratus
459 2184 508 2248 est
530 2184 625 2248 etiam
648 2184 718 2248 Tib.
742 2182 850 2248 Claud.
874 2183 999 2247 Atticus
1022 2180 1217 2247 Herodianus
1240 2182 1310 2246 Tib.
1326 2181 1434 2248 Claud.

310 2286 411 2350 Attici
443 2287 576 2351 Herodis
607 2289 698 2369 atque
729 2285 917 2373 Βιβουλλίας
938 2283 1071 2360 Ἀλκίας
1102 2283 1185 2349 filius
1220 2283 1434 2366 (111.ιι.61);

310 2388 395 2453 filius
417 2389 470 2453 ille
493 2389 551 2453 sub
575 2387 725 2470 Septimio
748 2387 860 2452 Severo
883 2387 1022 2453 floruisse
1046 2386 1179 2454 videtur.
1215 2385 1314 2452 Tituli
1335 2385 1434 2466 1190,

314 2489 385 2568 105,
408 2489 451 2553 27
474 2509 493 2555 a
514 2489 631 2555 Pittaci
662 2509 732 2554 cum
768 2491 901 2573 pessime
932 2492 996 2556 sint
1028 2491 1191 2570 exscripti,
1225 2490 1305 2555 nihil
1338 2509 1374 2554 ex
1395 2489 1434 2554 iis

311 2611 417 2658 eruere
439 2612 615 2675 possumus.
660 2594 801 2660 Breviter
823 2595 954 2677 denique
989 2594 1161 2660 monuerim
1183 2593 1343 2659 Valerium
1364 2592 1435 2657 Ma·

310 2697 428 2762 nimum
442 2697 468 2780 ³)
506 2716 577 2762 oum
600 2697 692 2764 Serto
713 2698 862 2780 Pompeio
884 2699 917 2762 in
941 2699 1051 2764 Asiam
1071 2697 1318 2780 proficiscentem
1340 2696 1434 2760 etiam

309 2799 418 2889 Julida
434 2800 543 2866 visisse
559 2800 651 2883 etque
667 2801 844 2868 interfuisse
859 2800 1052 2866 voluntariae
1070 2801 1172 2880 morti,
1185 2818 1279 2882 quam
1296 2818 1435 2865 summae

311 2902 486 2992 dignitatis
499 2903 623 2982 femina,
636 2905 873 2988 nonagesimum
895 2923 1010 2968 annum
1033 2923 1165 2986 egressa,
1189 2904 1250 2970 sibi
1272 2902 1432 2970 conscivit.

414 3007 501 3071 Haec
522 3007 618 3072 habui
641 3007 678 3073 de
694 3007 749 3074 Cei
770 3008 891 3072 insulae
916 3008 989 3074 fatis
1004 3027 1082 3090 quae
1098 3007 1242 3073 dicerem.
1265 3008 1355 3071 Anno
1371 3005 1435 3070 212

311 3128 330 3174 a
352 3109 512 3176 Caracalla
535 3131 640 3178 omnes
665 3113 808 3194 quitum
830 3115 862 3176 in
886 3112 958 3177 orbe
980 3111 1119 3176 Romano
1142 3111 1244 3189 erant,
1269 3110 1435 3176 11111110-

311 3213 395 3278 mani
416 3213 492 3279 iacti
514 3216 587 3280 sunt
601 3214 626 3298 ⁴)
649 3217 742 3298 atque
763 3214 834 3282 inde
857 3215 896 3280 ab
919 3215 957 3279 iis
980 3214 1170 3296 temporibus
1193 3215 1288 3278 etiam
1310 3213 1341 3278 in
1358 3211 1435 3276 civi-

311 3353 565 3363 ——-..-——--—-

415 3418 440 3484 1)
475 3418 614 3472 Halbherr
640 3419 755 3472 titulum
782 3419 824 3472 sic
850 3418 1008 3486 supplevit:
1045 3417 1112 3485 ὑπὲρ
1138 3421 1188 3485 τῆς
1211 3421 1259 3468 τοῦ
1288 3411 1435 3485 Σεβαστοῦ

312 3497 451 3571 Σωτηρίας
462 3501 547 3571 [θεοῖς
563 3498 719 3572 Σεβα]στοίς
735 3517 741 3532 ·
759 3506 774 3555 d
793 3501 936 3572 ἀρχιερεὺς
952 3501 993 3570 [-
1004 3532 1036 3541 -·
1048 3531 1081 3539 -
1093 3500 1231 3571 -]οτὲλης
1247 3501 1303 3568 (vel
1313 3529 1345 3538 —
1358 3529 1390 3538 -
1399 3529 1432 3538 -

311 3584 611 3655 υτέλους)111οκαῖσαρ,
641 3589 725 3654 atque
752 3589 824 3642 haec
842 3589 1007 3642 adnotavit:
1036 3588 1134 3653 ,Delia
1150 3588 1336 3655 propornione
1363 3586 1436 3640 delle

311 3672 386 3726 lineo
402 3686 471 3740 pare
489 3673 620 3728 evidente
637 3687 695 3727 non
713 3674 822 3727 esservi
834 3675 916 3740 posto
934 3673 980 3742 pel
998 3688 1082 3728 nomo
1096 3673 1158 3728 dell'
1178 3674 1349 3740 imperatore
1360 3671 1437 3726 nella

311 3757 426 3824 prima.“
464 3757 519 3822 Qui
537 3759 584 3814 hic
602 3761 839 3813 commemoratur
856 3758 999 3829 ἀρχιερεύς
1013 3760 1090 3814 haud
1107 3759 1192 3813 dubie
1210 3761 1271 3813 erat
1295 3756 1438 3828 ἀρχιερεὺς

311 3846 363 3892 τῶν
381 3837 532 3907 Σεβαστῶν.

414 3929 441 3994 2)
478 3930 511 3983 of.
530 3929 675 3994 Halbherr,
701 3931 720 3982 l.
738 3930 773 3994 1.;
800 3930 928 3994 Schiller,
956 3929 1058 3984 Gesch.
1086 3929 1112 3983 d.
1140 3932 1210 3984 rom.
1238 3928 1397 3983 Kaiserneit
1423 3927 1436 3980 Ι

311 4028 337 4082 p.
355 4014 407 4068 528
424 4016 482 4070 not.
501 4016 525 4070 1.

380 4163 382 4168 ¹
414 4101 441 4167 3)
478 4100 511 4154 11.
529 4101 677 4156 Vel.Mex.
697 4101 763 4165 116,
781 4101 805 4154 8.
836 4102 934 4156 Annus
953 4103 1030 4156 certe
1043 4100 1343 4167 definirinoupoteet;
1362 4099 1435 4152 oete-

312 4197 376 4239 rum
394 4185 506 4240 constat
523 4186 552 4239 id
569 4187 635 4241 ante
653 4201 678 4240 a.
700 4185 735 4240 28
752 4199 778 4254 p.
798 4185 860 4239 Chr.
879 4187 986 4240 fectum
1003 4201 1076 4240 esse.

414 4271 441 4337 4)
477 4271 511 4324 ct.
529 4270 693 4336 Mommsen,
711 4271 828 4326 Hermes
847 4270 912 4324 XVI
930 4271 1018 4338 (1881)
1035 4285 1061 4338 p.
1079 4271 1132 4324 474
1149 4285 1207 4337 sq.;
1235 4270 1361 4336 schiller,
1380 4269 1398 4322 l.
1416 4269 1435 4322 1.

311 4369 338 4424 p.
358 4355 427 4421 750;
445 4357 583 4422 Wiiiems,
601 4358 629 4412 le
647 4358 721 4412 droit
738 4357 833 4426 publio
851 4355 978 4421 Romaiu,
997 4356 1076 4410 laen
1094 4370 1120 4424 p.
1139 4356 1191 4411 398
1208 4370 1249 4423 sq.
