3336 5314
694 516 899 616 ,L

228 737 305 784 oum
328 718 427 783 classe
443 717 590 782 Thebana
612 716 888 784 celebratissimum
909 716 998 782 illam
1013 716 1238 800 expeditionem
1255 735 1362 784 susce·

233 822 290 904 pit,
323 841 383 904 qua
412 821 652 886 Atheniensium
669 822 771 894 ,maris
795 821 893 905 Aegei
914 820 1125 904 principatum
1147 821 1284 887 evertere
1308 839 1359 887 οο-

231 925 326 991 natus
347 927 404 990 ost.
449 924 496 989 De
528 925 721 1007 expeditione
752 924 809 989 illa
840 925 959 989 veteres
991 924 1157 1006 scriptores
1190 924 1269 990 nihil
1299 923 1360 990 tere

233 1029 322 1095 nobis
358 1027 551 1094 tradiderunt
562 1027 600 1110 ¹).
657 1026 796 1108 Quantos
828 1046 899 1092 vero
933 1025 1086 1108 expeditio
1117 1026 1175 1091 illa
1207 1026 1362 1093 sociorum

227 1130 323 1196 nebus
355 1129 487 1213 puhlicis
521 1129 664 1196 attulerit
691 1132 793 1194 motus
828 1129 974 1212 colligere
1006 1147 1168 1212 possumus
1201 1147 1237 1193 ex
1256 1129 1360 1194 titulo

231 1232 366 1315 quodam
398 1233 556 1316 praeclaro
570 1231 606 1316 ²),
641 1251 733 1315 quem
757 1231 894 1297 Koehler
927 1232 1159 1299 accuratissime
1190 1231 1288 1298 edidit
1319 1233 1360 1310 et,
1425 1271 1428 1277 =

226 1354 292 1418 ›qua
325 1353 448 1418 semper
478 1337 525 1401 est
556 1335 737 1418 sagacitate,
770 1335 854 1399 omni
887 1353 924 1400 ex
953 1337 1041 1417 parte
1072 1335 1238 1418 explicavit
1268 1336 1360 1418 atque

230 1437 412 1504 illustravit.
457 1437 538 1516 „Die
570 1437 771 1504 thebanische
794 1437 929 1514 Flotte“,
960 1438 1062 1520 inquit
1083 1437 1228 1516 Koehler,
1262 1437 1361 1517 „wind

227 1541 291 1606 den
315 1543 393 1608 Cura
416 1560 471 1606 um
492 1541 542 1605 die
565 1540 728 1624 despitze
751 1561 810 1607 von
832 1542 940 1606 Euboe
962 1559 1146 1625 genommen
1172 1540 1272 1606 haben
1296 1540 1360 1615 und

233 1645 308 1724 hier,
343 1646 375 1709 in
407 1645 460 1710 der
482 1643 570 1710 Nahe
603 1663 663 1710 von
685 1645 779 1724 Keos,
812 1644 865 1711 aut
887 1645 942 1712 das
964 1643 1129 1710 ieindliche
1153 1643 1361 1710 Gesohuader

225 1749 389 1831 gestossen
413 1749 510 1812 sein.“
555 1748 770 1815 Thebanorum
793 1749 891 1814 classe
914 1747 1178 1831 appropinquante
1201 1747 1234 1811 iu
1257 1746 1358 1812 omni-

233 1850 289 1915 bus
312 1848 365 1916 Cei
387 1849 507 1915 insulae
538 1851 666 1916 urbibus
697 1851 863 1916 seditiones
885 1850 1080 1928 exarserunt;
1112 1850 1166 1932 qui
1187 1849 1358 1928 Athenien·

227 1952 315 2016 sium
336 1953 439 2034 partes
455 1953 663 2034 sequebantur
677 1953 806 2035 expulsi,
829 1953 935 2019 Julide
950 1951 1190 2018 Atheniensium
1206 1969 1358 2034 proxenus

231 2054 270 2119 ab
292 2055 458 2136 Antipatro
481 2055 614 2138 quodam
635 2055 815 2122 interfectus
838 2056 895 2122 est.
941 2054 1058 2136 Quibus
1091 2057 1182 2121 rebus
1212 2055 1356 2138 perlectis

226 2155 285 2222 Cei
306 2157 338 2221 iu
361 2157 578 2223 Thebanorum
600 2159 703 2240 partes
727 2159 914 2224 transierunt
937 2160 1029 2241 etque
1049 2177 1120 2224 cum
1135 2159 1234 2224 classe
1250 2178 1358 2225 eorum

231 2279 324 2326 naves
347 2279 419 2326 suas
442 2262 673 2328 coniunxerunt.
719 2261 924 2328 Athenienses
941 2263 1040 2345 primo
1056 2262 1247 2346 quievemnt.
1285 2262 1358 2328 Mox

224 2367 333 2432 eutem
366 2362 515 2430 Chabrias
527 2364 562 2447 ³),
595 2383 665 2430 curn
698 2365 841 2431 Thebani
873 2365 1009 2432 insulam
1043 2365 1251 2448 reliquissent,
1286 2385 1357 2431 cum

230 2465 468 2532 Atheniensium
491 2467 703 2552 sociorumque
724 2468 856 2534 navibus
879 2467 975 2534 Oerrm
1008 2469 1121 2536 missus
1153 2470 1210 2550 est,
1242 2471 1279 2536 ut
1308 2487 1356 2535 res

226 2570 435 2650 componeret.
1374 2578 1377 2586 '

332 2669 481 2736 Chabrias
504 2671 684 2738 mandatum
708 2674 829 2758 egregie
852 2675 1013 2740 exsecutus
1046 2676 1103 2740 est.
1148 2672 1219 2740 (teis
1250 2693 1356 2739 rursus

229 2773 261 2837 in
284 2774 465 2839 societatem
496 2775 632 2855 adscitis,
655 2775 803 2842 Chabrias
835 2778 866 2842 et
888 2775 941 2843 Cei
973 2777 1090 2842 redacti
1122 2777 1357 2862 praeteritarum

228 2895 331 2942 rerum
347 2878 469 2943 veniam
485 2881 516 2944 ct
531 2879 717 2944 oblivionem
733 2881 908 2945 sanxerunt.
932 2880 1095 2946 Thebanae
1110 2881 1255 2947 factionis
1270 2882 1356 2966 prin·

225 2979 322 3062 cipes,
346 2982 400 3063 qui
421 2981 556 3046 insulam
578 2982 641 3048 iam
665 2983 726 3066 ipsi
749 2983 946 3066 reliquerant,
976 2983 1088 3066 capitis
1111 2984 1249 3050 damnati
1272 2987 1353 3050 sunt.

229 3083 404 3168 Antipater,
421 3085 474 3166 qui
488 3104 654 3167 proxenum
671 3087 763 3151 illum
779 3086 1016 3154 Atheniensium
1033 3087 1239 3167 interiecerat,
1255 3087 1354 3153 Athe-

224 3186 276 3253 nis
299 3189 461 3254 accusetus
484 3190 515 3254 et
538 3191 636 3255 morte
658 3190 810 3256 multatus
832 3192 889 3256 est.
933 3191 1063 3256 Exsules
1095 3192 1210 3257 reversi
1231 3210 1354 3284 posses·

227 3290 345 3356 aiones
366 3292 496 3356 amissos
526 3293 793 3374 recuperaverunt.
847 3293 994 3358 Preterea
1030 3312 1101 3359 cum
1134 3291 1203 3358 Cois
1239 3311 1353 3359 novum

225 3391 336 3459 icedus
368 3393 541 3479 durioribus
573 3413 666 3476 quam
699 3395 791 3460 antea
821 3394 1052 3460 condicionibus
1084 3394 1182 3458 iotum
1204 3395 1261 3460 est.
1305 3395 1352 3462 De

225 3495 436 3562 iurisdictione
459 3495 533 3579 quid
556 3495 707 3562 statutum
731 3496 780 3575 sit,
805 3515 864 3563 non
887 3497 934 3562 est
956 3496 1039 3579 quod
1056 3495 1196 3580 pluribus
1215 3495 1352 3578 doceam,

224 3751 368 3816 Sohaefer,
387 3754 467 3808 Dem.
482 3752 504 3807 1¹
517 3767 543 3822 p.
561 3753 611 3808 123
625 3756 683 3808 not.
697 3755 714 3808 2
727 3767 832 3809 annum
844 3755 897 3809 364
908 3755 1029 3822 probare
1046 3754 1149 3810 studet.
1185 3753 1241 3809 Sed
1253 3754 1350 3820 Grote,

226 3837 380 3902 Rehdnntz,
399 3837 483 3894 Stem
501 3837 545 3908 (ei.
565 3840 644 3907 impr.
663 3839 755 3902 Stern,
774 3840 793 3894 l.
811 3840 829 3893 l.
845 3854 873 3907 p.
891 3841 944 3894 222
961 3841 1019 3895 not.
1039 3838 1065 3908 2)
1092 3840 1155 3894 iure
1179 3853 1285 3894 annum
1301 3841 1353 3896 363

223 3925 431 3993 praetulerunt.

331 4011 356 4076 l)
391 4011 473 4066 Dlod.
492 4011 546 4066 XV
563 4011 597 4066 78
614 4027 672 4080 sq.;
691 4013 776 4067 lsoor.
794 4011 866 4067 Phil.
885 4012 926 4067 53.

330 4095 357 4164 2)
394 4111 420 4152 n.
440 4099 490 4152 127
509 4098 542 4152 cf.
561 4097 692 4162 Koehler,
719 4099 808 4154 Mitth.
827 4100 851 4153 ll
868 4114 894 4167 p.
914 4099 965 4154 142
982 4114 1040 4168 sq.;
1067 4099 1209 4164 Sohaeler,
1227 4100 1306 4156 Dem.
1326 4102 1337 4155 l

225 4198 252 4252 p.
271 4183 321 4238 149
339 4198 396 4251 sq.;
427 4183 496 4238 Ditt.
515 4183 584 4252 Syll.
602 4199 629 4239 n.
649 4186 699 4248 793
727 4185 819 4248 Stern,
838 4185 856 4240 l.
874 4186 892 4240 l.
910 4199 936 4252 p.
954 4187 1006 4240 223
1024 4187 1082 4242 not.
1100 4187 1134 4251 2;
1162 4185 1284 4251 (iuxtim,
1302 4185 1352 4242 Gr.

223 4269 329 4324 Gesch.
347 4269 394 4324 111⁸
412 4284 438 4338 p.
458 4271 510 4325 354
527 4285 568 4338 sq.

328 4355 355 4422 3)
392 4353 529 4411 Chabriae
547 4371 650 4412 nomen
668 4371 736 4412 sene
749 4359 884 4414 traditum
901 4372 959 4414 non
972 4360 1024 4422 est,
1042 4359 1093 4414 sed
1104 4359 1229 4416 Kcehler
1240 4371 1352 4414 summa

223 4454 292 4494 oum
309 4441 506 4509 probabilitate
524 4443 578 4498 hoc
596 4445 725 4500 coniecit.
