3336 5314
744 495 784 559 41

205 699 259 766 Cei
279 699 398 765 reducti
420 697 470 777 „oi
486 697 666 784 σύμμαχοι“
687 697 893 784 appellantur,
917 717 972 764 our
985 697 1080 764 iidem
1102 698 1135 762 in
1151 697 1249 762 altero
1264 697 1331 762 iure

203 801 332 867 iurando
354 819 415 866 non
436 802 514 867 item
536 801 696 888 σύμμαχοι
719 801 773 867 sod
803 800 906 867 Κείων
935 802 988 878 οὓς
1014 801 1202 886 κατήγαγον
1224 797 1330 885 Ἀθή-

204 913 283 970 ναῖοι
309 904 477 972 diduntur?
511 906 556 970 At
578 905 689 970 Hortel
720 907 906 972 sententiam
938 924 1026 970 suurn
1057 903 1180 970 firmare
1203 903 1330 970 conatus

204 1010 269 1074 est:
300 1007 395 1088 „Und
428 1007 473 1073 als
495 1007 770 1092 Bnndesgenossen
801 1007 923 1074 werden
954 1007 1111 1072 dieselben
1135 1005 1169 1090 ja
1190 1005 1269 1070 euch
1291 1024 1331 1070 sn

205 1111 291 1176 einer
312 1111 445 1176 anderen
468 1111 564 1178 Stells
587 1110 813 1196 unzweideutig
835 1109 1022 1189 bezeichnet
1054 1108 1160 1174 iudem
1189 1107 1243 1173 der
1264 1109 1331 1173 Ab·

202 1213 259 1278 fall
280 1214 335 1279 der
356 1214 495 1282 Julisten
518 1214 568 1280 ein
590 1213 698 1279 Abfall
724 1233 784 1280 von
806 1213 912 1280 Athen
942 1211 1005 1277 und
1037 1211 1097 1278 den
1118 1211 1234 1277 Koiern
1267 1209 1332 1276 und

203 1315 261 1380 den
284 1316 466 1401 bbrigen
488 1317 765 1401 Bundesgenossen
794 1319 932 1402 genennt
948 1316 1024 1382 nird
1056 1317 1103 1401 (Z.
1125 1315 1168 1379 29
1189 1315 1330 1401 πολεμή-

203 1441 314 1497 σαντες
345 1420 470 1485 ἐναντία
502 1428 545 1504 τῷ
578 1409 668 1505 δήμῳ
701 1427 746 1504 τῷ
768 1417 952 1506 Ἀθηναίων
983 1421 1039 1484 καί
1061 1417 1166 1496 Κείοις
1188 1421 1244 1482 καί
1265 1426 1331 1493 τοῖς

202 1522 355 1598 ἄλλοις
376 1521 646 1608 συμμάχοις).
664 1589 674 1609 ,
692 1521 753 1588 Sed
775 1539 910 1604 quonam
924 1520 1053 1586 tsudsm
1069 1519 1161 1586 modo
1178 1538 1215 1584 ex
1229 1517 1331 1584 verbis

202 1625 266 1690 illis
289 1625 398 1708 colligi
419 1626 530 1709 potest
553 1622 697 1690 verbani
720 1623 880 1710 σύμμαχοι
902 1625 1011 1708 posteo
1033 1622 1218 1706 simpliciter
1240 1640 1331 1688 usur·

201 1729 276 1812 pete
298 1747 365 1794 esse
387 1728 426 1792 de
449 1727 517 1794 Oeis
539 1726 700 1792 redactis?
744 1726 792 1791 De
814 1727 873 1792 hoo
894 1727 1078 1811 argumento
1105 1743 1177 1809 ergo
1200 1743 1261 1790 non
1283 1725 1331 1790 est

202 1830 285 1914 quod
305 1829 399 1896 verba
420 1830 544 1896 faeiem.
588 1830 634 1895 lix
656 1848 685 1895 v.
701 1828 744 1894 28
759 1829 894 1896 dilucide
909 1829 1043 1896 efficitur
1064 1829 1110 1912 (id
1126 1827 1331 1912 quodHartel

201 1934 268 2015 ipse
301 1934 409 2015 postea
440 1934 605 2017 concessit)
640 1934 737 2000 socios
769 1953 832 1998 une
862 1952 933 1999 oum
964 1933 1206 1998 Atheniensibus
1238 1934 1330 2015 etque

202 2035 359 2102 exsulibus
381 2052 555 2120 pugnasse:
579 2053 653 2120 ergo
675 2054 735 2102 non
757 2036 916 2120 intellego,
945 2053 1000 2100 our
1022 2035 1192 2100 seeundum
1213 2033 1329 2100 Horte-

201 2138 279 2202 lium
310 2137 348 2203 do
380 2137 473 2202 sociis
503 2155 542 2202 ne
575 2137 706 2222 eogitari
737 2137 863 2221 quidem
896 2136 1005 2221 possit.
1058 2135 1167 2219 ltaque
1196 2137 1331 2218 primurn

201 2239 418 2306 iusiurandum
449 2239 488 2305 eb
519 2239 663 2306 Hartelio
694 2240 862 2306 falsissime
893 2240 1082 2324 explicatum
1112 2239 1169 2306 est.
1224 2237 1331 2322 Neque

200 2343 331 2410 meliora
342 2345 415 2410 suut
429 2343 558 2427 relique.
601 2343 790 2428 Incipiemus
809 2345 936 2410 utenda
950 2343 1027 2410 iuris
1049 2343 1172 2410 iurandi
1187 2342 1330 2409 formula.

200 2447 311 2514 Hntel
333 2448 458 2515 scribit:
483 2448 558 2513 τάδε
580 2449 708 2534 ὤμοσαν
731 2451 788 2532 (so.
812 2448 845 2512 ori
859 2447 965 2524 πόλεις
980 2447 1013 2513 αί
1036 2448 1070 2512 ἐν
1084 2447 1185 2533 Κέῳ).
1216 2448 1331 2512 Itone?

201 2549 353 2632 Equidem
378 2547 462 2617 ‘talio
491 2552 717 2634 vertensque
748 2551 852 2618 omitti
884 2547 1023 2634 potuisse
1054 2569 1152 2634 neque
1182 2567 1330 2633 nmquam

201 2652 317 2718 omisso
338 2671 407 2718 esse
429 2653 583 2718 existimo.
627 2653 699 2720 Mea
720 2653 845 2735 quidem
869 2653 1023 2718 sententie
1048 2652 1252 2740 menifestum
1284 2654 1332 2719 est

201 2753 235 2818 in
257 2755 370 2820 laeuus
390 2755 448 2820 illa
469 2756 549 2822 nihil
572 2755 658 2822 eliud
680 2755 776 2820 luisse
799 2756 860 2822 nisi
882 2773 927 2834 ee,
951 2773 1029 2838 quae
1052 2753 1189 2820 Koehler
1214 2754 1330 2837 optime

201 2857 343 2923 oouieoit.
387 2856 506 2938 Quibus
529 2857 683 2925 concessis
698 2860 795 2924 etium
812 2859 846 2924 in
869 2857 1005 2924 seeundo
1032 2856 1108 2922 iuris
1123 2855 1246 2922 iurandi
1267 2855 1331 2922 ior·

200 2958 287 3024 mule
309 2959 445 3026 Hertelii
476 2960 693 3045 supplementa
724 2960 796 3027 ferri
819 2979 880 3026 uon
902 2961 1042 3044 possunt.
1088 2958 1226 3026 Gonieoit
1248 2958 1330 3025 enim

200 3059 290 3149 πρίής
320 3063 393 3138 τοὺς
424 3065 622 3148 στρατηγοὺς
654 3071 717 3128 τῶν
749 3061 963 3150 Ἀθηναίων],
996 3061 1165 3130 falsissime
1195 3061 1329 3145 quidem,

200 3183 272 3232 nom
296 3167 371 3232 sooii
388 3167 497 3234 omissi
519 3185 663 3233 essenon
684 3169 826 3251 possunt.
869 3168 907 3234 In
929 3166 1140 3234 iureiurando
1162 3167 1247 3234 enim
1262 3166 1330 3248 ipso

200 3269 355 3353 legimus:
380 3267 599 3356 [ουμμαχήοω
621 3268 806 3355 Ἀθηναίοις
827 3269 896 3358 καί]
919 3280 984 3346 τοῖς
1006 3270 1197 3356 συμμάχοις,
1221 3288 1329 3351 porro:

201 3370 275 3458 οὐ[κ
297 3371 520 3455 ἀποστήσομαι
543 3369 596 3435 ἀπ’
617 3369 800 3454 Ἀθηναίων
823 3375 878 3437 καί
893 3369 970 3458 τῶ]ν
987 3372 1175 3457 συμμάχων,
1200 3371 1331 3454 denique
1391 3361 1417 3392 '⁴

201 3493 231 3539 v.
254 3472 296 3536 76
318 3493 365 3558 sq.
388 3494 425 3540 ex
446 3475 678 3560 Dittenbergeri
710 3477 887 3542 coniectura
918 3476 1148 3544 verisimillima
1179 3476 1331 3559 seriptum

202 3578 272 3642 est:
305 3575 376 3665 ἐα[ν
407 3577 441 3642 δέ
475 3598 520 3654 τις
552 3577 655 3664 τολμᾷ
688 3577 809 3643 ἀδικεῖν
831 3577 934 3645 Κείων
956 3580 1029 3655 τοὺς
1050 3576 1329 3664 κατελθ]ίνταςή
1367 3647 1374 3662 ‚

201 3677 409 3769 Ἀθήναίου]ς
430 3683 452 3766 ή
469 3690 531 3747 τῶν
547 3681 734 3768 συμμάχων,
750 3683 820 3748 τινὰ
842 3685 929 3767 παρὰ
952 3685 1024 3759 τοὺς
1046 3682 1159 3767 ὅρκους
1180 3679 1249 3769 καὶ]
1274 3683 1330 3759 τὰς

201 3783 380 3868 συνθήκας,
405 3802 478 3869 ergo
493 3785 619 3851 eaedem
634 3785 697 3850 tres
719 3785 834 3868 partes,
859 3803 937 3868 queo
960 3803 1053 3868 supra
1066 3786 1098 3850 in
1113 3785 1190 3850 iuris
1207 3783 1331 3850 iurandi

200 3888 442 3970 praescriptione
474 3890 612 3955 exstant:
652 3909 681 3954 v.
704 3888 747 3954 69
769 3909 816 3973 sq.
848 3887 948 3976 [ὅρκοι
980 3891 1036 3954 καί
1068 3886 1244 3976 ουνθή]και
1266 3896 1329 3952 τῶν

200 3988 324 4054 πολεων
354 3997 418 4054 τῶν
450 3989 483 4054 ἐν
516 3989 591 4075 Κέῳ
613 3989 703 4079 πρὸ[ς
726 3989 920 4077 Ἀθηναίους
954 3993 1105 4067 καὶτοὺς
1128 3989 1327 4077 σομγιάχουςΙ

201 4095 256 4157 καὶ
278 4091 381 4160 Κείων
404 4094 456 4170 οὓς
477 4093 666 4180 κατήγαγον
687 4093 869 4180 Ἀθηναῖοι.
917 4092 979 4160 Sed
1011 4094 1082 4160 nolo
1104 4093 1135 4159 in
1159 4093 1329 4160 refellenda

199 4196 334 4264 Hartelii
357 4197 511 4264 sententio
532 4197 652 4264 multus
675 4197 791 4264 videri:
815 4198 853 4262 de
875 4217 908 4262 re
924 4199 1008 4264 enim
1023 4197 1101 4282 ipse,
1117 4215 1188 4263 mea
1203 4198 1329 4282 quidem

201 4301 425 4382 sententious
448 4301 583 4368 dubitari
600 4302 726 4385 quidem
749 4301 863 4385 potest.

303 4403 365 4472 Sed
398 4406 438 4474 ad
469 4407 662 4490 propositum
694 4407 896 4472 revertemur.
940 4404 1120 4472 Rebellione
1143 4405 1251 4471 sedate
1274 4402 1328 4470 Cei
