3322 5302
746 513 788 577 85

201 713 279 803 gere
302 739 392 804 posse
415 721 512 785 litere
543 719 699 785 confiteor.
744 719 816 785 Mea
848 719 974 802 quidem
1004 719 1157 784 sententia
1188 737 1224 784 or
1254 717 1330 797 illis,

196 813 282 906 quos
304 841 385 888 nunc
407 823 567 898 habemus,
590 823 692 888 titulis
713 822 793 886 nihil
809 823 895 887 alind
910 822 1052 902 officitur,
1075 821 1135 886 nisi
1159 819 1192 904 1)
1208 821 1332 903 propter

206 936 336 1005 parvum
357 925 521 990 titulorum
543 943 707 989 numerum
740 943 795 991 nos
825 924 915 990 hodio
938 926 1058 990 certum
1079 923 1228 989 iudicium
1251 922 1330 992 ferro

204 1043 267 1091 non
289 1043 388 1107 posse,
421 1025 476 1091 sed
497 1023 531 1109 2)
554 1043 590 1090 er
611 1026 712 1092 titulis
735 1027 855 1105 confici,
878 1025 1100 1092 Cartheesnses
1124 1026 1215 1106 atque
1238 1023 1330 1090 (lore-

202 1127 269 1192 sios
291 1127 441 1212 rogatoris
456 1146 568 1193 nomen
583 1147 705 1210 sempor
719 1126 930 1210 adscripsisse,
952 1129 974 1194 J
976 1112 1088 1194 alietas
1103 1127 1207 1193 auum
1223 1127 1330 1192 Poies-

201 1230 328 1311 siosque
359 1230 533 1313 rogatorem
555 1229 587 1293 in
611 1228 742 1294 decretis
773 1230 838 1294 suis
869 1231 993 1296 omnino
1024 1229 1206 1314 neglexisse.
1258 1229 1331 1294 Non

205 1331 343 1396 alienum
376 1332 499 1398 videtur
529 1351 777 1413 commemorare,
811 1331 1032 1399 Carthaeenses
1066 1336 1158 1416 atque
1189 1331 1330 1397 Coresios

202 1433 356 1517 rogatoris
379 1452 491 1498 nomen
515 1452 636 1516 semper
657 1436 728 1500 onte
744 1435 910 1502 sanctionis
924 1433 1091 1500 formulam
1106 1433 1329 1516 perscripsisse,

203 1539 242 1602 ut
264 1557 295 1602 n.
321 1538 358 1601 11
397 1535 576 1623 Ἐαχατίιυν
599 1538 697 1602 εἶπεν·
738 1537 841 1616 ἔδοξεν
863 1549 904 1624 τῇ
928 1539 1027 1626 βουλῇ
1059 1541 1115 1602 καὶ
1146 1543 1191 1622 τῷ
1225 1535 1327 1622 δήμῳ.

207 1640 326 1706 Deinde
349 1640 379 1704 in
397 1637 528 1704 Oeorum
540 1640 642 1706 titulis
666 1640 851 1721 declaratur,
874 1661 928 1707 cur
942 1641 1102 1706 decretum
1118 1639 1197 1704 illud
1213 1639 1331 1705 lactum

202 1743 257 1821 sio,
279 1742 495 1828 νυ1υ1ἐπειδν)
518 1742 535 1806 ό
557 1742 643 1807 δεῖνα
666 1745 771 1818 εὔνους
793 1744 836 1807 ὢν
855 1743 1007 1829 τυγχάνει
1023 1753 1063 1828 τῇ
1080 1743 1171 1807 πόλει
1186 1749 1226 1827 τῇ
1243 1741 1330 1825 Καρ·
1372 1782 1376 1790 .

203 1843 325 1909 decemo
346 1846 403 1908 καὶ
425 1853 488 1908 τῶν
509 1844 646 1910 πολιτῶν
668 1855 733 1922 τοῖς
755 1845 1000 1932 ἐντυγχάνουσιν
1026 1844 1134 1931 χρείας
1155 1843 1330 1930 παρέχεται

201 1946 398 2031 χαρίζεσθαι
419 1946 605 2034 βουλόμενος
636 1957 675 2032 τῇ
708 1947 810 2031 πόλει,
845 1948 1138 2034 παρεπιδεδήμηκὲν
1169 1970 1204 2013 τε
1234 1947 1266 2012 ἐν
1288 1955 1328 2030 τῇ

201 2046 297 2112 πόλει
328 2048 489 2125 εὐτάκτως
520 2051 575 2112 καὶ
606 2047 726 2134 καλῶς,
759 2049 914 2135 δεδόχθαι
949 2051 1007 2116 etc.
1052 2049 1229 2133 Sequuntur
1260 2049 1331 2133 post

206 2152 283 2218 haec
306 2152 401 2217 verba
423 2171 545 2234 semper
566 2152 628 2217 fers
652 2150 806 2238 δεδόχθαι
828 2161 868 2238 τῇ
892 2152 992 2239 βουλῇ
1017 2155 1072 2216 καὶ
1095 2161 1139 2238 τῷ
1154 2152 1256 2238 δήμῳ,
1282 2151 1330 2217 bis

202 2255 327 2320 tentum
349 2253 503 2340 δεδόχθαι
535 2261 579 2338 τῷ
611 2253 700 2340 δήμῳ
713 2253 738 2339 ¹)
766 2255 810 2341 (n.
836 2254 1016 2340 nerlu),
1049 2256 1146 2322 semel
1176 2254 1330 2340 δεδόχθαι

200 2367 246 2442 τῇ
269 2356 369 2444 βουλῇ
402 2358 447 2442 (ιι.
473 2356 526 2442 16)
538 2357 573 2441 ²),
606 2360 679 2440 post
709 2357 803 2424 rerba
835 2356 989 2442 δεδόχθαι
1021 2359 1079 2423 eto.
1113 2357 1331 2423 enumerantur

206 2462 291 2528 varia
313 2462 451 2544 praemia
472 2463 504 2526 et
525 2461 666 2540 honores,
690 2459 728 2526 de
750 2460 862 2544 quibus
886 2479 979 2543 supra
1001 2460 1125 2526 uberius
1149 2458 1220 2524 dixi.
1258 2459 1330 2524 'De-

198 2565 298 2647 nique
320 2568 377 2633 sub
399 2568 460 2632 fine
483 2567 570 2633 tituli
592 2567 749 2633 decretum
771 2566 851 2632 illud
881 2565 979 2649 lapidi
1009 2565 1107 2630 incidi
1137 2565 1229 2648 atque
1258 2581 1330 2646 pro·

199 2669 278 2749 poni
300 2669 425 2734 iubetur
434 2668 460 2752 8)
494 2671 585 2750 atque
616 2669 749 2735 adicitur
780 2671 816 2732 τὸ
839 2669 873 2732 δὲ
895 2668 1048 2754 ἀνάλωμα
1069 2667 1174 2732 δοῦναι
1197 2668 1251 2731 τόν
1274 2687 1330 2744 τα-

202 2768 299 2854 μίαν;
334 2771 384 2838 his
412 2771 513 2838 verbis
544 2773 754 2854 praemittitur
780 2771 937 2838 interdum
959 2771 1094 2837 formula
1115 2770 1171 2834 ἐὰν
1192 2769 1228 2832 δὲ
1249 2766 1331 2846 δόξει

205 2871 278 2936 τόδε
301 2875 337 2936 τὸ
359 2873 522 2960 [ψήφισμα
544 2874 724 2960 ἀναγράψαι
747 2876 807 2940 etc.
830 2876 875 2963 (n.
899 2875 939 2939 ll
963 2895 992 2940 v.
1017 2875 1057 2938 15
1080 2872 1212 2957 eqd-vel
1234 2872 1272 2936 ἂν
1295 2871 1330 2934 δὲ

201 2973 287 3054 δόξει
309 2977 326 3042 ό
349 2976 451 3063 νόμος,
477 2978 655 3063 ἀναγράψαι
678 2980 736 3044 etc.
760 2978 805 3056 (n.
826 2976 931 3062 ddl‘).
977 2978 1063 3044 Duos
1097 2978 1248 3044 habemns
1269 2975 1329 3043 Ju-

205 3077 350 3144 lietarnm
372 3081 530 3166 titulos³)‚
553 3081 723 3163 exquibus
747 3081 894 3165 colligere
916 3098 1090 3164 possumus,
1123 3079 1201 3147 Ceos
1231 3079 1330 3144 inter·

201 3178 280 3245 dum
302 3182 398 3247 etiam
420 3183 576 3249 archontis
597 3203 708 3249 noman
731 3183 821 3250 modo
844 3183 1037 3267 simpliciter,
1060 3183 1151 3249 modo
1173 3199 1329 3247 unacum

198 3300 311 3350 mense
334 3303 371 3348 ac
393 3286 524 3352 fortasse
547 3287 642 3353 etiam
665 3287 714 3352 die
737 3288 905 3353 sanctionis
938 3288 1089 3353 formulae
1121 3285 1331 3369 praemisisse.

311 3485 336 3553 1)
354 3485 496 3540 Βνιουυιὶυ
513 3500 539 3552 p.
557 3485 592 3540 58
610 3486 687 3540 recte
704 3487 820 3542 scribit:
841 3487 949 3551 „niehts
968 3487 1067 3542 weiter
1084 3487 1126 3542 als
1145 3488 1209 3541 eins
1225 3485 1330 3542 Abora·

204 3572 300 3626 viatur
319 3573 369 3628 des
386 3572 559 3626 Ausdruclrs.

308 3657 334 3726 2)
354 3657 495 3714 Swobods
512 3673 538 3726 p.
552 3659 604 3713 278
622 3659 657 3713 ad
676 3659 763 3714 verba
780 3658 909 3729 δεδόχθαι
926 3659 961 3728 τῇ
976 3657 1065 3726 βουλῇ
1079 3659 1225 3714 adnotavit
1244 3658 1332 3736 „lieh-

201 3742 271 3807 ler‘,
290 3744 365 3810 qnod
382 3757 485 3798 vereor
502 3745 534 3798 ut
552 3745 594 3798 illi
612 3745 719 3812 posslm
738 3745 901 3808 concedere,
928 3757 994 3798 nam
1013 3743 1113 3799 titulus
1140 3745 1188 3798 ills
1205 3744 1329 3800 fortasse

201 3829 250 3884 est
266 3829 411 3884 decretum
428 3830 718 3898 probuleumaticum;
746 3833 873 3885 cetorum
900 3844 939 3884 ex
961 3831 1045 3884 unico
1063 3831 1113 3885 illo
1132 3831 1264 3898 exemplo
1281 3845 1329 3886 res

202 3929 274 3968 sane
292 3915 440 3970 diiudicari
457 3930 515 3970 non
533 3918 636 3984 potest.

309 3999 336 4068 3)
355 4000 442 4056 'lltnll
459 4002 689 4069 proponebantur
705 4001 764 4056 iere
782 4015 894 4070 semper
911 4002 941 4056 in
953 4001 1091 4070 Apollinis
1108 4002 1231 4070 templo;
1248 4017 1276 4057 n.
1295 4004 1329 4060 15

200 4087 273 4155 πρὸς
287 4090 347 4146 ταῖς
361 4087 475 4155 κρήναις,
493 4102 520 4141 n.
540 4088 592 4142 128
608 4103 635 4143 v.
653 4088 688 4142 38
705 4087 734 4139 ἑν
751 4091 790 4157 τῷ
807 4088 898 4152 λιμένι.

306 4171 334 4240 4)
354 4171 388 4225 cf.
406 4171 547 4226 Swoboda
564 4188 590 4240 p.
610 4174 643 4228 15
661 4175 690 4228 et
708 4174 741 4228 1o
761 4173 1172 4238 ,caerularius-uermes·

307 4255 335 4324 ὁ)
354 4256 464 4311 'l’ltulos
482 4257 547 4312 illos
565 4257 640 4312 lutra
657 4259 733 4312 edldl
750 4258 787 4328 (ιι.
804 4259 840 4312 40
857 4260 887 4313 et
903 4256 956 4326 38).
992 4259 1024 4313 ln
1036 4257 1269 4314 Carthaeenslnm
1286 4273 1329 4314 ra·

201 4343 330 4478 tirinibus
349 4358 375 4397 n.
396 4343 430 4397 14
447 4342 488 4397 Ao
506 4357 533 4398 ν.
551 4344 586 4397 35
604 4357 644 4411 sq.
664 4345 750 4398 etlam
773 4345 862 4399 semel
879 4345 1004 4400 occurrit
1025 4343 1067 4396 ἐπὶ
1085 4341 1215 4414 depensos
1229 4339 1330 4404 Ἀλεξι-

202 4428 235 4478 τέ
252 4445 301 4487 ους
317 4429 371 4482 etc.
