3322 5302
746 483 790 547 93

204 691 340 764 currunt,
362 707 460 771 nequo
482 688 579 753 talem
601 688 819 770 magistratum
842 689 874 752 in
900 688 1001 754 insula
1023 687 1118 754 fuisse
1141 690 1233 770 puto:
1257 707 1329 754 mu-

203 792 256 858 nia
278 810 383 856 corum
407 790 651 873 exsequebantur
672 791 756 856 haud
779 791 871 856 dubie
896 790 991 858 iidem
1014 789 1171 874 ἱεροποιοί.

306 893 467 960 Postremo
498 894 536 958 ab
560 892 728 958 Aristotele
759 893 782 957 l.
814 894 836 958 l.
868 892 1147 958 commemorantur
1177 891 1331 977 ταμίαι

204 1003 285 1061 τῶν
309 996 434 1080 ἱερῶν
455 995 701 1081 χρημάτων,
727 1015 802 1078 quos
824 997 855 1060 in
873 995 1000 1062 (luorum
1024 995 1126 1060 titulis
1146 995 1349 1076 simpliciter*

204 1099 317 1184 ταμίας
339 1098 488 1181 appellari
520 1117 612 1181 supra
642 1097 735 1163 docui
746 1097 782 1182 ί).
826 1098 984 1164 Permissa
1014 1099 1080 1163 erat
1111 1095 1235 1182 ταμίαις
1263 1096 1329 1162 illis

202 1201 350 1282 pecuniae
373 1219 478 1264 sacrae
501 1199 758 1282 donariorumque
781 1201 1030 1278 administratio;
1054 1201 1165 1282 quibus
1181 1199 1218 1264 de
1236 1200 1330 1265 rebus

203 1322 274 1368 cum
297 1321 367 1367 mox
390 1303 471 1367 infra
493 1303 525 1388 (ἐ
548 1301 582 1386 b)
605 1303 730 1368 uberius
753 1302 917 1368 dicendum
941 1304 993 1382 sit,
1023 1303 1081 1368 hoc
1111 1303 1178 1367 loeo
1205 1303 1327 1367 tantum

202 1405 373 1472 monuerim
397 1404 473 1469 duos
496 1423 551 1468 nos
572 1405 686 1470 habere
709 1405 827 1484 titulos,
862 1424 899 1470 ex
930 1405 1041 1488 quibus
1070 1404 1108 1469 de
1130 1405 1327 1486 quaestorum

200 1509 327 1573 illorum
359 1506 470 1572 officiis
504 1507 652 1571 nonnulla
683 1507 828 1590 colligere
859 1509 1025 1589 possimus,
1058 1507 1191 1572 alterum
1224 1506 1328 1573 iulie-

201 1611 304 1674 tarum
328 1611 372 1692 (n.
395 1609 462 1691 37),
485 1609 617 1674 alterum
641 1608 895 1676 Carthaeensium
918 1611 961 1697 (n.
987 1610 1052 1693 14).

304 1710 422 1776 Deinde
453 1712 738 1776 commemorandus
769 1713 818 1776 est
848 1712 991 1778 scriba
1024 1713 1253 1796 (γραμματεὺς
1269 1719 1329 1795 τῆς

201 1812 329 1900 βουλῆς,
363 1814 428 1878 sive
450 1813 636 1895 simpliciter
657 1812 883 1900 γραμματεύς),
916 1815 969 1896 qui
1000 1816 1048 1879 ter
1077 1814 1107 1878 in
1131 1812 1184 1878 Cei
1205 1813 1327 1878 insulae

201 1917 302 1982 titulis
333 1917 499 1982 invenitur.
544 1917 590 1981 Ex
623 1917 724 1982 tribus
757 1917 822 1982 illis
854 1918 955 1983 titulis
986 1917 1132 2001 colligere
1163 1933 1327 1998 possumus

201 2020 344 2097 scribam,
367 2020 448 2084 sicut
469 2019 613 2096 Athenis,
636 2038 760 2084 curasse
791 2021 827 2086 ut
849 2020 971 2085 decreta
992 2021 1138 2102 legesque
1169 2019 1327 2102 lapidibus

199 2121 410 2187 inciderentur
440 2123 534 2204 atque
566 2123 690 2204 publice
718 2124 980 2204 proponerentur3
1016 2122 1205 2188 inscribebat
1235 2141 1327 2204 porro

201 2225 301 2290 scriba
323 2227 454 2292 victores
475 2227 507 2290 in
540 2226 610 2292 albo
643 2229 689 2306 [n.
711 2225 755 2289 66
777 2245 806 2291 v.
828 2226 871 2290 40
893 2245 958 2308 ειμι
996 2225 1187 2310 ἀναγράφειν
1217 2224 1252 2287 δὲ
1284 2225 1327 2301 τίς

200 2326 350 2413 λεύκωμα
373 2327 446 2414 ἑξῆς
468 2331 540 2404 τοὺς
562 2329 611 2392 ἀεὶ
633 2335 784 2404 νικῶντας
806 2330 860 2392 τόν
881 2328 1094 2414 γραμματέα).

301 2432 379 2497 Urbi
407 2433 571 2516 portuique
602 2433 752 2515 praefecti
783 2435 871 2498 erant
902 2431 1160 2518 ἀστυνόμοι,
1194 2450 1326 2516 quorum

200 2532 237 2599 de
259 2552 386 2598 numero
409 2533 487 2600 nibil
519 2536 649 2600 constat.
693 2533 897 2600 Pertinebant
927 2535 967 2600 ad
998 2553 1103 2600 eorum
1135 2535 1326 2616 provinciam

198 2634 280 2700 haud
304 2635 395 2700 dubie
417 2637 521 2702 omnia
552 2655 597 2715 ea,
630 2655 708 2718 quae
740 2637 779 2702 ab
802 2637 974 2702 Aristotele
986 2636 1010 2720 ²)
1043 2636 1167 2701 uberius
1199 2656 1325 2702 enume-

198 2739 315 2816 rantur,
339 2739 393 2802 sed
415 2739 486 2804 nolo
508 2757 545 2803 ea
566 2738 618 2804 hic
639 2739 817 2817 retrectare,
840 2758 910 2804 cum
934 2757 970 2804 ex
991 2739 1094 2803 titulis
1116 2738 1196 2804 nihil
1219 2739 1256 2804 de
1274 2739 1325 2805 his

198 2840 289 2904 rebus
312 2840 456 2924 colligere
478 2842 643 2924 possimus.
687 2841 790 2908 Semel
813 2842 936 2906 tantum
959 2839 1126 2926 ἀστυνόμοι
1157 2840 1206 2904 illi
1236 2841 1324 2906 inve-

197 2943 325 3008 niuntur
346 2943 379 3008 in
403 2944 530 3009 deorum
558 2945 669 3024 titulis,
703 2947 734 3010 et
765 2944 891 3028 quidem
921 2944 953 3009 in
977 2943 1169 3010 Coresiorum
1202 2943 1324 3010 decreto

197 3066 227 3112 n.
254 3045 315 3110 128
339 3068 368 3112 v.
393 3046 432 3111 17
456 3067 512 3130 sqq
537 3049 589 3113 nbi
612 3049 749 3114 Koehler
772 3049 888 3132 optime
912 3048 1052 3126 coniecit,
1077 3047 1116 3113 ad
1132 3046 1326 3133 ἀστυνόμους

198 3169 264 3215 esse
288 3150 416 3228 delator,
448 3152 500 3233 qui
523 3152 556 3216 in
578 3152 700 3217 rubrica
722 3152 910 3234 exportanda
932 3151 1017 3235 leges
1048 3151 1232 3216 violassent:
1264 3152 1325 3235 τὴν

198 3252 233 3314 δὲ
256 3252 380 3330 ἔνδειξιν
402 3254 500 3338 είν]αι
522 3256 598 3337 πρὸς
629 3257 700 3329 τοὺς
728 3253 932 3339 ἀστυνόμους,
966 3255 1037 3329 τοὺς
1067 3252 1101 3315 δὲ
1132 3251 1325 3336 ἀστυνόμους

198 3353 348 3438 δοῦνα[ι.
370 3401 377 3416 .
400 3401 407 3416 .
428 3401 436 3416 .
454 3354 598 3438 ἡ]μερῶν
635 3355 679 3430 εἰς
716 3356 752 3418 τό
783 3354 995 3438 δικαστήριον.
1050 3354 1097 3418 Ex
1127 3353 1228 3418 verbis
1258 3353 1323 3418 illis

198 3455 289 3536 atque
311 3473 414 3520 rerum
438 3458 581 3520 contextu
604 3475 675 3520 mea
696 3456 822 3538 quidem
838 3456 991 3520 sententia
1013 3455 1133 3520 efficere
1147 3473 1322 3536 possumus,

197 3557 341 3623 habuisse
375 3557 579 3644 ἀστυνόμους,
619 3559 765 3624 similiter
795 3560 887 3641 atquo
909 3559 1097 3626 Julielarum
1129 3556 1320 3641 προστάτας,

198 3679 302 3726 curam
334 3663 441 3742 portus
477 3663 607 3744 ideoque
642 3662 737 3728 etiam
768 3660 939 3748 ἡγεμονίαν
970 3669 1025 3725 τοῦ
1056 3657 1259 3744 δικαστηρίου
1289 3659 1322 3724 in

197 3764 340 3828 omnibus
363 3764 475 3842 causis,
498 3783 575 3846 quae
597 3764 636 3830 ad
652 3783 758 3829 eorum
772 3764 961 3847 provinciam
979 3762 1180 3846 pertinerent.
1217 3761 1321 3826 Etiam

196 3867 228 3932 in
252 3869 363 3933 ceteris
384 3869 505 3934 insulae
527 3870 655 3935 urbibus
679 3870 759 3936 baud
783 3869 875 3934 dubie
898 3866 1090 3954 ἀστυνόμους
1121 3868 1227 3944 fuisse,
1260 3885 1319 3932 non

197 3971 245 4034 est
268 3969 349 4052 quod
371 3988 525 4036 moneam.

301 4073 417 4138 dudem
441 4071 565 4152 ἔνδειξις
586 4073 624 4139 de
645 4075 768 4140 rubrica
791 4055 898 4140 contra
927 4074 1012 4158 leges
1044 4073 1204 4158 exportata
1235 4089 1321 4138 com-

300 4311 326 4381 1)
345 4313 379 4367 ci.
397 4312 545 4376 swoboda,
563 4313 655 4368 Wien.
675 4313 754 4368 Stud.
772 4312 800 4368 X
818 4313 905 4382 (1888)
924 4327 949 4380 p.
968 4313 1027 4367 293.

298 4397 325 4464 2)
342 4397 458 4452 Aristot.
477 4397 560 4454 Polit.
579 4398 629 4454 Vll
647 4396 703 4466 (Vl)
721 4399 739 4452 8
756 4412 782 4466 μ.
802 4399 898 4453 13211
918 4398 951 4454 18
968 4411 1009 4466 sq.
