3336 5314
878 493 922 558 26

334 701 401 766 ture
422 719 483 766 non
506 717 681 781 possumus,
712 699 845 764 ineritrm
878 700 984 762 autem
1005 697 1165 762 Miltiades
1186 698 1289 762 etium
1322 698 1368 762 in
1395 697 1526 762 insula

335 801 406 880 (leo,
429 802 506 867 satis
527 803 576 866 est
597 801 758 866 incertum.

441 905 580 970 Tertiam
604 903 829 985 expeditionem
852 902 965 968 Persae
997 901 1103 968 decem
1135 902 1261 967 demum
1285 903 1406 967 annis
1434 902 1521 984 post

335 1007 545 1089 suscopemnt.
590 1005 717 1084 Xerxes,
739 1008 838 1088 patris
859 1005 1034 1088 exemplum
1057 1007 1194 1082 secutus,
1215 1004 1390 1070 similiter
1406 1005 1514 1087 lega·

334 1112 383 1174 tos
416 1109 448 1173 in
483 1109 647 1175 Graeciam
679 1108 768 1174 misit
779 1108 815 1190 ¹),
852 1109 905 1190 qui
935 1107 1044 1173 eadem
1072 1109 1244 1190 poscerent.
1288 1107 1512 1173 Herodotus

333 1211 357 1276 l.
379 1211 401 1276 l.
424 1213 548 1277 tantum
570 1211 608 1276 de
630 1211 761 1277 Graecia
780 1213 850 1294 ipsa
871 1212 1027 1293 loquitur3
1059 1210 1097 1274 de
1127 1211 1239 1274 insulis
1261 1210 1356 1276 nihil
1384 1210 1507 1274 ducet.

335 1314 432 1396 Atqui
452 1315 553 1379 exstat
572 1313 670 1386 locus,
693 1332 730 1377 ex
745 1333 805 1396 quo
820 1313 971 1378 nonnulla
989 1313 1113 1395 quidem
1128 1313 1274 1396 colligere
1288 1329 1503 1395 possumus.

334 1417 420 1482 Inter
442 1435 495 1483 eos
517 1417 610 1494 euim,
633 1435 710 1499 quos
731 1417 908 1481 Herodotus
930 1435 1054 1499 pugnae
1076 1416 1265 1482 Salaminiae
1287 1416 1501 1480 interfuisse

334 1519 420 1599 dicit,
442 1523 603 1585 enumerat
624 1521 719 1584 etism
735 1519 901 1601 Seriphius,
924 1518 1080 1600 Siphnius,
1102 1519 1213 1584 Melius
1235 1517 1278 1582 cf.
1302 1519 1397 1583 VlIl
1426 1517 1495 1580 46.-

335 1624 412 1702 ἤνοιὶ
433 1621 571 1704 Σερίφιοί
602 1643 637 1684 τε
660 1624 715 1684 καὶ
736 1620 855 1705 Σίφνον
876 1624 932 1685 καὶ
953 1621 1071 1707 Μήλιοι
1093 1620 1337 1704 ἐστρατεύοντο·
1394 1623 1494 1684 οὗτοι

334 1727 396 1809 γὰρ
426 1725 486 1787 οὐκ
516 1723 629 1786 ἔδοσαν
660 1733 765 1808 μοῦνοι
796 1724 975 1809 νησιωτέων
1008 1732 1053 1807 τῷ
1084 1723 1229 1809 βαρβάρῳ
1259 1731 1324 1806 γῆν
1357 1745 1401 1787 τε
1429 1724 1490 1802 καὶ

334 1826 452 1910 ὕδωρ.“
496 1825 557 1891 Sed
577 1827 749 1892 insularum
771 1847 919 1892 numerus
941 1846 1002 1892 uon
1025 1829 1074 1891 est
1095 1828 1206 1897 insons.
1238 1845 1313 1890 uam
1346 1829 1490 1908 praeter

334 1930 399 1994 tres
421 1929 493 1994 illas
514 1929 633 1996 insulas
649 1929 797 2014 Cythnius
819 1933 852 1996 et
866 1929 944 1996 Ceos
965 1931 1049 1996 idem
1063 1931 1175 1994 fecisse
1197 1930 1329 1994 constat.
1374 1929 1485 2009 Quin-

335 2049 394 2113 que
416 2031 500 2095 enim
521 2031 641 2096 insulae
663 2033 737 2097 illae
759 2033 925 2098 foederatis
948 2032 1127 2097 civitatibus
1150 2050 1184 2096 se
1212 2031 1395 2114 applicasse
1431 2032 1483 2095 vi-

335 2134 447 2199 dentur
457 2133 494 2214 ²).
538 2133 600 2200 Sed
617 2133 671 2200 Cei
692 2155 753 2200 nun
777 2135 879 2200 solum
897 2135 1085 2200 Salaminiae
1101 2153 1224 2217 pugnae
1238 2133 1478 2200 interfuerunt:

334 2236 511 2302 Herodotus
545 2255 597 2301 eus
628 2239 724 2302 otiam
757 2240 904 2321 quattuor
936 2257 1030 2303 nouos
1053 2238 1092 2302 ad
1115 2237 1319 2302 Artemisium
1342 2238 1478 2302 misisse

334 2340 439 2404 narrat
461 2339 502 2420 (V
504 2339 552 2403 ΙΙΙ
574 2340 606 2422 1)
638 2339 733 2424 Κήιοι
764 2340 819 2404 δύο
851 2363 886 2405 τε
914 2340 985 2416 νέοις
1007 2343 1062 2403 καὶ
1083 2339 1352 2425 πεντηκοντέρους
1375 2340 1476 2404 ew

335 2440 403 2520 Quo
426 2441 550 2504 urbium
572 2443 604 2506 et
627 2444 754 2508 nauium
770 2462 920 2508 consensu
935 2445 1093 2525 permotus
1108 2441 1338 2527 Bruendsted³l
1362 2444 1474 2508 conie-

335 2544 388 2618 cit,
424 2563 672 2628 unamquamque
702 2546 812 2610 urbem
845 2565 957 2611 navem
978 2547 1111 2612 misisse.
1156 2546 1217 2612 Sed
1239 2547 1319 2612 hauc
1342 2548 1471 2612 coniec-

334 2647 436 2711 turam
460 2648 602 2730 equidem
623 2649 737 2714 falsam
758 2669 826 2715 esse
847 2650 1008 2716 existimo:
1043 2649 1097 2715 Oui
1119 2650 1211 2728 enirn,
1246 2669 1317 2714 mea
1339 2649 1472 2733 quidem

336 2751 490 2816 sententia
521 2752 711 2835 temporibus
742 2753 807 2818 illis
840 2753 1020 2838 sympolitia
1056 2753 1214 2818 coniuncti
1248 2753 1337 2816 erunt
1370 2755 1468 2836 atque
1542 2823 1545 2830 ,

340 2855 545 2920 communiter
577 2875 671 2921 naves
703 2855 776 2922 illus
808 2857 961 2922 miseruut
970 2856 1009 2938 ⁴).
1057 2858 1102 2921 De
1129 2875 1235 2938 pugna
1265 2857 1348 2938 apud
1369 2857 1469 2922 Arte·

337 2955 466 3020 misium
488 2957 571 3021 facte
591 2959 751 3039 praeterea
773 2959 852 3022 nihil
873 2951 1024 3023 habemus
1047 2960 1251 3040 compertum.

438 3058 547 3141 Neque
577 3061 668 3142 plura
700 3061 816 3126 ecimus
851 3061 888 3126 de
904 3081 906 3087 ’
920 3061 1091 3128 Salaminia
1123 3079 1249 3144 pugne:
1287 3060 1467 3126 Herodotus

335 3162 418 3226 enim
442 3161 533 3243 (VIII
555 3162 610 3243 46)
646 3164 830 3247 simpliciter
851 3163 928 3230 Ceos
962 3182 1086 3249 pugnae
1108 3163 1158 3228 illi
1180 3183 1251 3228 cum
1273 3163 1385 3229 iisdem
1408 3181 1465 3229 uu-

335 3261 425 3328 vibns
451 3263 629 3331 interfuisse
662 3265 747 3331 dicit.
793 3267 942 3334 Attamen
973 3267 1100 3349 propter
1129 3265 1203 3330 libri
1236 3265 1310 3330 Vlll
1333 3284 1398 3348 cap.
1422 3262 1466 3330 76

335 3385 473 3452 pugnem
503 3368 592 3434 illum
622 3369 715 3452 paulo
738 3371 912 3436 accuratius
935 3369 1145 3434 examinemus
1168 3387 1291 3434 necesse
1313 3371 1371 3434 est.
1416 3369 1464 3433 De

339 3487 445 3560 pugne
466 3470 523 3534 illa
545 3471 605 3536 viri
627 3471 710 3537 docti
732 3473 866 3537 maxime
889 3472 1090 3537 dissentiunt.
1128 3470 1189 3536 Sed
1212 3489 1283 3536 cnm
1305 3471 1356 3536 hic
1377 3471 1463 3537 lucus

336 3592 396 3638 nou
428 3574 471 3638 eit
502 3573 641 3657 singulas
674 3576 842 3641 sententias
874 3575 1005 3653 adferre,
1043 3575 1110 3656 ipse
1144 3574 1297 3657 quomodo
1327 3593 1463 3659 pugnam

336 3673 453 3740 lectam
467 3694 534 3740 esse
549 3677 732 3754 existimem,
755 3679 863 3760 paucis
879 3678 1095 3743 demonstrabo
1106 3678 1140 3761 ⁵).
1179 3679 1282 3761 Atque
1297 3677 1464 3743 Persarum

441 3897 466 3964 1)
484 3897 548 3951 Her.
568 3897 618 3952 Vll
635 3897 669 3950 32
687 3898 716 3952 ut
734 3899 793 3953 131.

440 3984 466 4050 2)
485 3983 528 4037 De
545 3983 660 4038 foedere
678 3983 727 4037 illu
747 3984 779 4038 uf.
798 3984 862 4039 Her.
881 3984 931 4039 Vll
950 3985 1001 4039 132
1020 3999 1060 4052 sq.

440 4068 467 4136 3)
486 4067 670 4132 Broendsted‚
689 4069 701 4122 l
718 4083 744 4136 p.
763 4070 798 4123 72
814 4071 873 4124 not.
891 4069 916 4124 8.

439 4153 467 4218 4)
484 4152 528 4206 De
544 4153 640 4220 priore
657 4155 822 4222 sympolitiu
839 4155 924 4222 atque
942 4155 977 4209 de
999 4155 1199 4210 Broendstedii
1225 4155 1275 4210 illu
1302 4155 1464 4210 coniectura

336 4238 410 4293 inti-u
427 4253 485 4293 nun
502 4239 661 4308 interrupte
678 4253 769 4308 agam
789 4241 822 4295 ct
842 4239 906 4308 Gap.
925 4241 962 4294 Ill
980 4242 996 4307 8
1014 4242 1039 4297 2.

439 4323 467 4392 5)
487 4325 520 4380 uf.
539 4326 619 4394 impr.
638 4326 808 4391 boesoholxe,
826 4325 891 4381 Jhb.
909 4327 927 4381 i
945 4325 1017 4381 Phil.
1038 4327 1088 4382 115
1107 4324 1196 4396 (1877)
1214 4342 1241 4396 p.
1259 4327 1365 4396 25sq.;
1383 4327 1463 4382 ‹lern-

337 4411 437 4476 staedt,
456 4411 551 4482 iliypn.
571 4427 688 4468 eunucu.
708 4431 771 4482 sap.
791 4429 885 4483 upucu.
904 4429 977 4468 roua
995 4413 1048 4468 220
1061 4412 1149 4482 (1882)
1163 4428 1189 4481 p.
1204 4413 1255 4468 105
1268 4427 1326 4482 sq.;
1344 4413 1463 4481 Lollius,
