3336 5314
896 478 1002 573 re

344 687 544 754 inveniuntur
577 688 772 771 ecquidem
805 691 866 755 nisi
896 689 929 754 in
962 688 1207 772 septemtrionali
1243 689 1333 756 litore
1364 691 1470 758 Attico

346 791 520 876 (tetrapolis
542 790 751 874 Marathonia)
774 791 807 856 et
827 793 861 856 in
882 791 975 858 litore
996 791 1152 875 Argolico.
1197 791 1317 872 Quibus
1340 794 1468 860 coloniis

345 893 489 960 similiter
522 897 615 977 atque
648 895 759 960 insulis
781 895 937 978 Asiaeque
970 893 1101 960 Minoris
1135 896 1296 963 litoribus
1311 897 1468 981 Apollinis

344 1014 432 1062 sacra
452 998 526 1062 suut
547 997 680 1080 propria,
705 997 995 1080 coloniasqueillas
1017 997 1249 1080 antiquissimas
1265 1002 1467 1082 naturamque

344 1117 450 1164 oerum
484 1099 682 1183 peregrinam
716 1118 783 1165 esse
804 1099 856 1164 vel
890 1118 984 1164 exeo
1007 1099 1154 1183 colligere
1176 1119 1352 1182 possumus,
1387 1101 1468 1184 quod

343 1200 504 1282 tetrapolis
519 1201 718 1267 Marathonia
739 1203 834 1268 etiam
856 1201 1078 1284 posterioribus
1100 1202 1293 1283 temporibus
1315 1205 1470 1286 privatam

343 1302 495 1368 theoriam
517 1303 632 1368 Delum
654 1304 778 1370 mittere
801 1304 930 1371 solebat.
968 1303 1087 1384 Quodsi
1108 1305 1213 1369 omnia
1233 1305 1350 1372 Jouum
1372 1307 1469 1376 vesti·

342 1405 395 1491 gia
415 1407 447 1472 irr
469 1407 614 1472 litoribus
636 1408 844 1487 inueniuntur,
876 1408 1013 1474 coloniae
1043 1407 1118 1472 illae
1147 1407 1313 1474 manifesto
1341 1427 1469 1492 aporos

343 1511 440 1594 grinio
475 1511 528 1594 qui
564 1510 644 1575 mari
669 1509 862 1576 advenerunt
883 1511 1024 1577 conditae
1047 1512 1128 1576 sunt.
1173 1510 1287 1578 Contra
1308 1513 1470 1598 Meyerum

343 1631 416 1695 ergo
446 1613 562 1696 optime
592 1613 807 1696 ipsiusxerba
818 1614 843 1694 ¹)
870 1614 983 1679 adferri
1005 1616 1152 1697 possunt:
1197 1615 1296 1695 „ltine
1318 1616 1469 1684 Bevollxe·

342 1734 432 1801 rung,
465 1716 581 1782 welche
607 1717 664 1781 auf
692 1717 780 1782 einen
803 1717 961 1782 schmalen
984 1716 1197 1784 Kristensaum
1217 1717 1405 1784 besehrankt
1425 1721 1468 1784 ist

343 1855 385 1870 -
406 1822 470 1886 und
503 1820 590 1886 nicht
624 1821 739 1887 eirrmal
773 1821 873 1886 dieser
905 1821 1159 1910 istvollstdudig
1181 1822 1364 1888 16666161-
1385 1813 1467 1889 herm

342 1923 429 1989 nicht
450 1923 494 1988 im
517 1923 621 1989 hande
642 1924 804 2002 heimisch,
839 1923 968 1990 sondern
994 1943 1082 1990 muse
1104 1925 1180 1990 iiber
1202 1923 1260 1990 See
1283 1925 1466 2008 getremmon

342 2027 440 2092 sein“.
485 2025 546 2092 Sed
578 2027 687 2094 eadem
719 2029 813 2094 uerba
846 2029 941 2094 etiam
964 2027 1063 2093 Curtii
1096 2028 1283 2093 sententiam
1310 2028 1465 2106 refellunt,

341 2125 414 2194 nam
447 2128 554 2194 eadem
586 2130 655 2212 ipsa
677 2130 715 2196 de
738 2148 832 2196 causa
852 2129 948 2196 Jones
970 2131 1065 2196 etiam
1087 2130 1120 2194 in
1142 2130 1220 2195 Asia
1241 2130 1363 2196 Minore
1384 2131 1467 2196 indi·

341 2249 438 2315 genae
461 2232 556 2297 fnisse
578 2251 639 2298 non
661 2235 801 2314 possunt.

345 2345 364 2390 ¹.
443 2335 524 2400 Rem
546 2336 663 2417 optime
685 2336 840 2418 perspexit
854 2335 1010 2417 Toeplier.
1048 2335 1164 2401 Docuit
1185 2335 1269 2400 enim
1290 2335 1313 2403 l.
1335 2336 1357 2402 l.
1372 2336 1467 2403 Jonas

340 2436 413 2500 illos
436 2455 473 2500 ex
487 2435 650 2502 Thessalia
672 2437 824 2502 oriundos·
839 2457 915 2516 esse,
940 2437 994 2503 sed
1015 2437 1088 2504 inde
1111 2440 1278 2520 emigrasse
1300 2440 1465 2504 6116116-

341 2539 459 2618 bocum
496 2539 645 2617 Atticam,
680 2540 863 2624 Argolidem
884 2529 1064 2623 insulasque
1087 2542 1208 2607 venisse
1232 2577 1272 2588 -
1295 2560 1373 2625 quae
1396 2561 1467 2608 ren-

340 2641 441 2708 tentia
477 2639 553 2707 satis
587 2643 679 2708 certis
713 2643 911 2709 confirmatur
941 2644 1138 2710 testimoniis.
1190 2645 1287 2712 dones
1314 2646 1465 2730 originem

341 2762 430 2808 suam
460 2743 642 2828 repetebant
674 2747 714 2812 ab
736 2747 816 2813 Jone
837 2747 937 2812 Xuthi
969 2747 1044 2826 filio,
1080 2747 1180 2814 Xuthi
1214 2751 1319 2814 autem
1353 2767 1463 2814 nemen

341 2845 374 2912 G.
391 2845 429 2911 Ο.
444 2845 578 2912 Mueller
591 2847 657 2912 iure
673 2848 830 2931 Apollinis
846 2867 1016 2934 cognomen
1032 2868 1099 2916 esse
1123 2850 1248 2928 docuit;
1273 2851 1346 2933 quin
1369 2851 1464 2916 etiarn

339 2947 402 3014 Jon
423 2947 490 3027 ipse
508 2948 664 3030 Apollinis
686 2949 770 3017 filius
793 2952 978 3033 appellatur.
1023 2952 1192 3018 Thessalus
1207 2953 1261 3018 illo
1284 2953 1410 3018 Xuthus
1432 2953 1465 3018 in

339 3049 486 3134 tetrapoli
516 3050 715 3118 Marathonia
737 3053 910 3120 consedisse
932 3055 1046 3120 dicitur
1057 3054 1092 3137 ²),
1116 3073 1190 3139 ergo
1212 3057 1245 3120 in
1268 3055 1376 3121 eodem
1398 3056 1465 3138 ipso

340 3154 418 3232 looo,
441 3153 497 3218 ubi
516 3153 634 3220 Jouum
655 3157 788 3240 vestigia
809 3157 941 3224 inveniri
956 3177 1051 3241 supra
1066 3157 1173 3224 docui:
1198 3159 1293 3224 etiam
1310 3159 1465 3243 Apollinis

341 3246 428 3323 saera
450 3257 593 3324 omnibus
616 3261 792 3326 communia
815 3261 859 3325 sic
881 3262 999 3344 optime
1021 3261 1225 3344 explicantur.
1271 3263 1358 3328 Idem
1382 3261 1465 3328 valet

340 3362 434 3428 otiam
467 3362 505 3428 de
538 3362 667 3431 coloniis
699 3364 733 3428 in
755 3363 914 3448 Argolidis
947 3365 1091 3431 litoribus
1124 3365 1266 3432 conditis.
1310 3365 1464 3432 Kirchner

338 3483 437 3548 nuper
459 3467 535 3532 satis
557 3467 635 3532 hene
658 3469 773 3547 docuit,
807 3488 844 3533 ex
875 3469 992 3552 mythis
1025 3469 1200 3551 fabulisque
1223 3469 1347 3534 Atticae
1370 3467 1463 3533 Pelo·

339 3587 534 3652 ponnesoque
549 3570 764 3635 communibus
779 3571 907 3635 minime
922 3570 1028 3653 colligi
1046 3587 1146 3650 posse,
1171 3570 1250 3633 alios
1272 3569 1312 3632 ah
1335 3569 1404 3632 aliis
1427 3587 1464 3633 ea
1488 3575 1490 3582 ’

339 3672 552 3753 assumpsisse,
576 3672 630 3736 sed
664 3691 793 3757 peregre
825 3672 990 3756 accepisse.
1035 3672 1082 3735 Do
1106 3669 1269 3734 Thessalia
1299 3668 1350 3732 hic
1372 3667 1462 3730 facile

340 3772 534 3856 cogitaveris,
572 3774 605 3838 id
641 3775 723 3857 quod
759 3795 792 3841 ro
828 3793 901 3840 vora
931 3793 991 3839 non
1015 3773 1081 3838 siue
1104 3772 1209 3854 aliqua
1232 3768 1463 3853 probabilitatis

340 3877 442 3958 specie
464 3877 587 3960 probari
601 3879 715 3959 potest.
738 3877 932 3943 Sententiam
953 3877 1091 3941 nostram
1115 3891 1188 3958 ergo
1211 3873 1255 3938 sio
1278 3873 1340 3939 fere
1355 3870 1462 3955 paucis

442 4064 468 4133 1)
487 4066 521 4120 of.
539 4065 639 4120 Philol.
658 4065 690 4120 N.
710 4065 741 4118 F.
760 4064 796 4117 ΙΙΙ
815 4061 903 4132 (1890)
922 4076 948 4129 p.
966 4061 1026 4116 480.

442 4148 469 4218 2)
490 4151 624 4215 ,Warum
641 4151 745 4217 gerade
763 4149 809 4202 bei
822 4147 977 4211 Marathon,
995 4147 1081 4200 weiss
1099 4145 1146 4200 ich
1156 4145 1249 4200 nicht“
1263 4145 1356 4212 inquit
1367 4143 1464 4214 Meyer

339 4237 357 4290 l.
375 4236 393 4290 1.
411 4250 438 4304 p.
455 4237 515 4290 491.
552 4237 626 4290 Sane
653 4237 679 4289 si
695 4235 804 4302 Meyeri
826 4235 861 4287 de
879 4233 999 4288 donibus
1026 4232 1196 4287 sententiam
1222 4231 1375 4298 sequimur,
1402 4243 1463 4283 rem

339 4323 418 4377 illum
436 4323 581 4390 explicere
598 4336 656 4377 non
673 4335 833 4388 possumus.
869 4321 924 4375 Sed
945 4321 1049 4374 mirum
1077 4321 1120 4374 est
1146 4317 1301 4386 Megaram,
1329 4317 1377 4384 qui
1402 4317 1463 4383 ipse

341 4423 439 4463 omnes
457 4409 535 4462 locos
554 4408 610 4461 huc
620 4407 795 4474 pertinentes
812 4409 901 4472 novit,
919 4421 977 4462 non
989 4407 1094 4461 rectius
1108 4419 1169 4459 rem
1182 4404 1260 4458 illam
1272 4403 1462 4470 perspexisse.
