3336 5314
750 493 791 558 4?

204 698 364 777 iudicavit,
389 697 470 780 quod
493 716 558 762 rem
582 698 698 763 certam
721 715 788 762 esse
812 699 946 780 negavit,
963 695 1018 762 sed
1035 715 1105 762 mea
1119 698 1245 780 quidem
1261 715 1332 762 sen-

204 801 303 867 tentia
327 801 450 880 erravit,
483 799 564 884 quod
592 799 742 866 Bocokhii
773 801 981 866 coniecturam
1016 819 1071 882 pro
1108 800 1192 864 certa
1225 799 1334 864 habuit

205 905 298 987 atque
321 904 360 968 de
381 903 509 970 tributis
531 903 576 968 ibi
594 903 714 968 dictum
736 921 802 969 esse
825 903 938 969 docuit.
985 904 1032 967 Ac
1046 903 1190 987 'primum
1207 903 1333 985 quidem

205 1007 355 1074 Boeclrhii
386 1008 562 1074 coniectura
591 1007 736 1073 lacunam
771 1027 831 1074 non
863 1007 982 1089 explet:
1015 1006 1126 1072 desunt
1158 1006 1241 1070 enim
1270 1024 1332 1071 non

206 1111 339 1192 quinque
362 1109 495 1188 litterae,
519 1111 574 1174 sed
596 1129 648 1176 sex
671 1111 722 1176 vel
745 1109 912 1194 septemb.
966 1108 1027 1176 Sed
1048 1103 1092 1175 id'
1112 1108 1194 1192 quod
1215 1109 1334 1192 gravis·

206 1215 320 1280 simum
342 1215 398 1292 est,
422 1232 462 1279 nc
484 1232 593 1278 sensus
615 1213 741 1298 quidem
755 1217 839 1280 recte
855 1233 888 1280 se
902 1213 1016 1278 hahere
1033 1213 1166 1280 videtur.
1209 1211 1334 1276 Boeclrh

206 1317 331 1400 quidem
353 1317 429 1384 haec
453 1317 594 1401 scripsit:
618 1317 840 1398 „Philotharus
864 1318 969 1382 autem
994 1315 1235 1398 aliquoties
1258 1312 1333 1380 Oar-
1358 1347 1361 1354 ·

204 1421 330 1486 thaeam
352 1420 479 1486 venerat
501 1420 541 1486 ad
563 1420 681 1504 aliquid
703 1421 906 1502 repetendum
918 1419 962 1504 ²);
986 1419 1134 1504 quidhoc
1157 1417 1252 1483 fuerit
1273 1416 1335 1482 nisi
1457 1479 1459 1482 .

205 1522 360 1589 tributum
383 1521 597 1588 ordinarium?
620 1523 752 1588 Accedit
773 1524 856 1605 quod
877 1523 905 1587 is
928 1521 1042 1588 dieitur
1065 1521 1098 1586 ἐν
1116 1520 1235 1596 τούτοις
1257 1539 1333 1604 συμ-

205 1624 441 1710 περιφέρεσθαι,
459 1625 517 1692 hoc
538 1625 929 1712 estindulgontiam
951 1627 1192 1710 praestare.
1229 1623 1335 1690 Unum

206 1727 288 1811 quod
309 1728 473 1810 praeterea
495 1728 634 1794 conicere
649 1730 758 1812 possis,
782 1727 876 1796 fuerit
889 1729 955 1809 hoc,
980 1729 1018 1794 de
1041 1726 1217 1810 repetendis
1239 1742 1334 1808 pecu-

206 1831 266 1896 niis
288 1831 398 1896 mutuo
426 1829 508 1896 (11111
541 1830 660 1896 (lictum
691 1831 803 1896 fuisse:
838 1831 893 1897 sod
925 1831 1011 1914 prius
1041 1831 1134 1912 longo
1163 1827 1335 1911 praeferor*

205 1933 286 1999 Mihi
307 1933 434 2016 quidem
456 1933 532 1998 haec
555 1934 683 2000 minime
704 1935 838 2016 placent.
901 1934 972 2000 Dixi
993 1953 1087 2016 snpra
1109 1933 1334 2018 Aegyptiorum

205 2055 314 2120 rogum
338 2036 555 2102 auctoritatem
577 2037 654 2102 satis
676 2056 823 2122 maguam
838 2036 953 2114 tuisse3
977 2036 1033 2102 scd
1048 2055 1099 2102 eos
1112 2036 1237 2100 tantum
1252 2031 1334 2116 apud

143 2221 145 2226 ,
206 2140 304 2205 socios
327 2139 464 2205 valuisse
486 2139 683 2218 auctoritate,
706 2140 742 2205 ut
758 2159 809 2206 eos
825 2159 932 2229 eogere
948 2140 1074 2224 possent
1088 2139 1244 2205 tributum
1259 2155 1333 2219 pcn-

206 2243 285 2323 dere
308 2243 436 2308 minime
459 2243 507 2307 cst
529 2242 707 2308 verisimile.
751 2241 860 2326 Neque
891 2243 973 2308 enim
1005 2243 1173 2325 quidquam
1205 2241 1244 2306 de
1275 2237 1334 2302 hac

204 2363 237 2410 re
260 2346 448 2428 accepimus,
470 2363 570 2427 neque
602 2345 771 2412 versimile
803 2346 881 2410 mihi
912 2345 1034 2411 videtur
1070 2346 1224 2412 tributum
1254 2335 1334 2406 illud

204 2449 271 2512 tam
293 2447 445 2530 singulari
467 2447 558 2512 modo
589 2447 755 2514 collectum
785 2447 891 2529 fuisse,
922 2467 1021 2531 neque
1052 2448 1167 2514 Rhodii
1197 2462 1335 2528 unquam

206 2549 245 2615 acl
267 2550 364 2615 talem
387 2550 570 2616 societatem
589 2569 621 2615 se
641 2549 860 2632 applicassent.
898 2550 970 2618 Jam
985 2570 1056 2618 uero
1072 2549 1241 2633 quaeritur,
1257 2564 1334 2629 quo-

205 2652 296 2718 modo
318 2651 431 2718 titulus
452 2652 507 2718 ille
531 2653 572 2718 sit
603 2653 814 2735 explicandus.
865 2651 940 2719 Mea
962 2653 1087 2737 quidem
1119 2651 1272 2718 sententia
1301 2649 1335 2714 in

205 2754 299 2820 titulo
322 2754 427 2837 agitur
448 2755 502 2820 aut
524 2753 562 2818 de
585 2755 723 2836 pecuniis
746 2759 781 2838 (a
801 2755 900 2820 Deliis
922 2755 1131 2838 hauddubie)
1154 2755 1262 2820 mutuo
1278 2751 1333 2816 da-

205 2855 258 2936 tis,
281 2855 336 2920 aut
357 2855 395 2920 de
417 2854 483 2922 illis
505 2856 653 2938 pecuniis,
678 2875 756 2939 qnae
778 2857 816 2922 ab
839 2875 1022 2940 unaquaque
1038 2857 1164 2922 ciuitate
1186 2876 1242 2939 pro
1265 2855 1334 2939 opi-

205 2958 264 3024 bus
286 2958 352 3024 1111
369 2958 569 3042 exigebantur
584 2959 676 3042 atque
691 2977 710 3023 a
725 2958 869 3044 synedrio
885 2959 1182 3026 administrabantur
1193 2958 1231 3043 ³).
1275 2957 1335 3024 Est

206 3061 330 3144 quidem
352 3079 401 3126 res
422 3061 480 3127 illa
501 3061 578 3128 satis
600 3063 727 3128 incerta.
780 3061 869 3142 Quod
900 3062 951 3128 hic
981 3061 1203 3142 ,,πλειονάκις“
1236 3061 1334 3144 scrip-

204 3165 273 3230 tum
295 3165 405 3243 exstat,
428 3164 461 3228 in
484 3183 520 3231 eo
544 3163 761 3231 offendendum
785 3184 846 3231 non
869 3165 925 3231 est.
970 3165 1091 3231 Parvae
1107 3167 1191 3232 euim
1213 3163 1333 3230 insulae

204 3265 397 3350 temporibus
420 3266 484 3330 illis
507 3267 584 3331 adeo
607 3268 696 3332 crant
718 3266 871 3346 adflictae,
894 3269 931 3332 ut
951 3268 1108 3333 interdum
1129 3267 1172 3331 50
1195 3267 1242 3332 dr.
1263 3286 1334 3332 mu·

205 3370 276 3434 tuas
299 3371 465 3446 sumerent,
482 3372 517 3436 ut
538 3370 643 3452 legato
665 3389 795 3435 munera
808 3371 977 3454 hospitalia
991 3371 1138 3454 praebere
1160 3371 1286 3456 possent
1296 3370 1333 3455 ⁴).

309 3643 334 3712 1)
354 3643 388 3698 cf.
406 3643 606 3698 Broendstedii
623 3643 708 3711 atque
725 3641 839 3698 hebasli
857 3643 1028 3712 apographa.

305 3727 333 3799 2)
351 3729 562 3798 παραγινόμενος
585 3727 732 3786 πλειονόκις
756 3727 796 3787 εἰς
820 3728 868 3797 τὴν
903 3727 977 3780 πόλιν
1005 3723 1181 3800 Κφ[δοιέων]
1218 3731 1261 3783 ἐπὶ
1286 3731 1333 3800 τὴν

205 3813 312 3882 κομιδὴν
330 3817 382 3866 τῶν
392 3854 505 3869 .......
515 3814 592 3867 aar?
610 3813 639 3864 ἐν
656 3811 760 3872 τούτοις
774 3829 804 3864 τε
821 3813 1042 3880 οιννπεριφέρεται
1068 3812 1110 3865 καὶ
1133 3816 1180 3883 τὴν
1207 3815 1333 3885 comptae

205 3900 317 3950 ποιεῖται
334 3897 423 3957 καλῶς
438 3897 480 3950 καὶ
498 3897 633 3958 εὐτάκτως
648 3898 702 3952 eto.

307 3981 334 4051 3)
354 3983 388 4040 ci
407 3982 559 4048 Schoolfer,
577 3984 595 4038 l
613 3985 631 4038 l.
649 3998 675 4052 p.
694 3981 737 4039 97.

307 4070 334 4137 4)
353 4069 387 4123 ct
414 4069 530 4124 titulum
556 4069 761 4138 Amorglnum,
789 4069 911 4126 MittuI
937 4065 1025 4140 (1876)
1052 4086 1079 4140 p.
1097 4072 1149 4126 337
1176 4087 1203 4127 v.
1231 4073 1264 4128 19
1291 4088 1332 4142 sq.

205 4155 294 4208 δοῦναι
312 4154 343 4206 δὲ
363 4154 437 4224 αὐτῷ
455 4154 497 4206 καὶ
515 4153 589 4215 ξένια
606 4155 671 4216 τοὺς
685 4155 852 4225 στρατηγοὺς
872 4155 925 4208 ἀπὸ
942 4157 1070 4226 δραχμῶν
1087 4157 1255 4226 πεντήκοντα,
1274 4159 1337 4218 τοὺς

205 4239 236 4292 δὲ
254 4241 353 4306 ταμίας
369 4240 411 4300 εἰς
424 4237 664 4310 ταῦτα’ὑπηρετεῑν
676 4240 889 4308 δανεισαμένους,
908 4241 1016 4310 κομιδὴν
1028 4241 1059 4294 δὲ
1078 4240 1142 4294 εἶναι
1153 4242 1244 4302 αὐτοῖς
1252 4242 1333 4296 αὐτοῦ

205 4324 247 4378 καὶ
264 4329 311 4378 τοῦ
330 4326 407 4379 τόκου
425 4326 477 4382 ἀπὸ
494 4330 544 4396 τῆς
559 4327 673 4396 δεκάτης
696 4330 748 4380 τῶν
776 4327 922 4396 προσόδων.
958 4327 991 4384 ef.
1009 4328 1183 4384 etlamBull.
1203 4328 1333 4386 (190011.

205 4412 275 4466 Heli
294 4410 332 4467 lv
349 4427 375 4482 p.
394 4414 446 4469 327
464 4428 523 4482 sq.;
548 4413 692 4470 Schoeffer
708 4415 726 4470 l.
745 4415 763 4469 l.
781 4429 807 4483 p.
826 4415 861 4470 94
878 4429 920 4484 sq.
