3336 5314
867 491 909 556 44

323 696 406 764 alias
428 695 639 780 migrationes,
655 701 733 778 q'uae
756 697 932 777 temporum
954 693 1080 760 illorum
1103 692 1190 757 erant
1213 691 1363 774 propriae.
1385 690 1454 755 lta-

326 817 386 883 que
410 800 508 866 cedas
532 797 680 882 quasdam
703 816 811 866 causas
834 796 1015 881 migrationi
1030 795 1079 860 illi
1094 794 1247 860 subfuisse
1262 793 1451 877 negaverim.

429 901 495 969 Iam
519 921 590 968 uero
612 902 643 966 in
667 899 878 966 examinandis
906 898 1007 965 titulis
1030 897 1168 980 rarisque
1190 898 1329 962 veterum
1352 895 1452 978 serip-

323 1005 429 1070 torum
451 1004 527 1070 locis
550 1003 705 1069 adfinem
735 1001 921 1086 paragraphi
943 1001 1147 1083 pervenimus.
1194 998 1360 1064 Referendi
1381 999 1452 1080 qni-

323 1105 398 1172 dem
421 1106 555 1172 suntad
578 1107 716 1188 tempora
737 1105 793 1170 illa
818 1105 912 1170 etiam
935 1105 1011 1169 satis
1034 1103 1127 1168 multi
1148 1101 1235 1168 tituli
1257 1101 1322 1179 alii,
1338 1101 1392 1166 sed
1414 1120 1452 1166 ex

323 1209 390 1276 illis
413 1209 492 1274 nihil
525 1209 671 1294 colligere
705 1226 879 1292 possumus,
904 1207 985 1290 quod
1008 1206 1048 1272 ad
1071 1205 1123 1272 Cei
1146 1205 1265 1270 insulae
1288 1203 1451 1269 historiam

324 1313 498 1396 pertineat:
534 1314 638 1395 itaque
669 1311 749 1378 infra
780 1311 844 1376 suis
876 1311 952 1376 locis
986 1311 1024 1375 de
1058 1309 1190 1392 singulis
1223 1307 1324 1373 titulis
1347 1326 1447 1391 agam

322 1415 471 1506 Ceterum
493 1434 554 1481 non
577 1414 713 1480 alienum
745 1414 874 1480 fortasse
896 1413 1019 1480 videtur·
1041 1429 1280 1477 commemorare
1302 1429 1449 1494 proxene-

325 1536 396 1582 rum
418 1517 510 1582 illum
532 1516 709 1600 catalogum
732 1515 815 1581 haud
839 1515 930 1580 dubie
954 1509 1224 1580 Canthacensiumi
1250 1532 1285 1577 ex
1308 1513 1449 1596 catalogo

321 1619 398 1698 illo,
431 1619 468 1684 da
502 1637 561 1701 quo
594 1618 675 1685 infra
708 1620 831 1684 uberius
856 1617 1004 1700 dicam¹),
1029 1619 1133 1701 aliqua
1155 1617 1280 1700 quidem
1303 1619 1449 1699 exparte

321 1723 514 1806 cogitatione
536 1722 624 1788 nobis
646 1722 763 1806 fingere
786 1741 959 1804 pessumus,
976 1722 1127 1821 quantum
1149 1720 1242 1785 fuerit
1258 1719 1449 1802 temporibus

322 1825 389 1890 illis
412 1823 543 1900 Onerum
566 1826 793 1892 commercium.

784 2053 989 2060 ——W

320 2285 370 2355 4.
410 2283 644 2368 Reliquae
670 2281 755 2354 Cel
778 2281 968 2352 insulae
991 2295 1071 2353 res
1094 2281 1208 2352 inde
1232 2295 1261 2352 a
1282 2295 1449 2367 pugna

368 2402 701 2475 Chaeronensi
723 2414 878 2486 usque
898 2400 959 2470 ad
981 2401 1149 2474 nostra
1171 2399 1404 2484 tempora.

428 2583 539 2669 Pugna
561 2583 790 2665 Chaeronensis,
815 2587 851 2650 ut
873 2604 965 2668 supra
987 2586 1131 2664 vidimus,
1156 2584 1224 2651 Cois
1246 2584 1444 2671 αὐτονομίαν,

320 2687 511 2753 tributorum
544 2685 786 2768 immunitatem,
816 2688 946 2753 liberam
979 2689 1209 2772 navigationem
1242 2689 1359 2753 attulit.
1403 2689 1448 2753 At

322 2808 395 2856 uero
417 2788 487 2855 inde
519 2789 557 2855 ab
589 2789 637 2854 his
669 2790 859 2872 temporibus
883 2789 936 2855 Oai
959 2791 1078 2855 insulae
1100 2809 1148 2856 res
1172 2792 1317 2856 continuo
1341 2790 1447 2855 ordine

325 2911 466 2958 enanare
489 2892 675 2958 desistamus
707 2911 830 2958 necesse
853 2893 911 2970 est,
935 2911 1004 2958 cnm
1028 2912 1064 2957 ex
1086 2894 1194 2974 paucis
1217 2893 1317 2959 titulis
1340 2893 1447 2977 pauci·

320 2996 488 3078 oribusque
512 2996 696 3079 scriptorum
718 2997 795 3062 loeis
819 2997 897 3061 nihil
920 2997 983 3062 lere
1000 3035 1039 3044 —
1058 2999 1113 3064 aut
1135 3016 1196 3062 non
1218 2998 1354 3064 multum
1377 2999 1446 3082 qui·

321 3097 394 3162 dem
417 3135 457 3144 -
482 3099 521 3164 de
544 3099 635 3163 rebus
657 3098 721 3162 illis
745 3099 891 3180 colligere
914 3099 1078 3182 possimus.

427 3200 529 3282 Atque
547 3199 756 3265 Alexandrum
772 3200 933 3284 Magnum,
956 3219 1027 3265 oum
1049 3202 1130 3285 patri
1152 3204 1183 3266 in
1207 3221 1303 3286 regno
1326 3221 1447 3270 succes·

320 3303 424 3382 sisset,
447 3321 552 3368 omnes
576 3304 660 3386 pacis
684 3323 776 3387 quarn
807 3323 901 3387 supra
924 3307 1230 3372 commemoravimus
1254 3305 1446 3372 condiciones

318 3406 619 3489 constitutionesque
642 3405 784 3472 Corinthi
806 3407 942 3474 sanxisse
966 3409 1096 3474 constat.
1142 3407 1203 3474 Sed
1225 3409 1283 3474 hoe
1306 3409 1332 3474 si
1355 3427 1443 3474 exor-

321 3509 405 3590 paris
428 3509 507 3573 nihil
530 3509 568 3574 de
592 3509 760 3574 Alexandri
782 3511 889 3594 Magni
920 3512 1110 3593 temporibus
1133 3512 1282 3577 habemus
1306 3529 1445 3593 comper-

318 3610 399 3676 tum.
433 3609 608 3676 Memnonis
633 3612 756 3694 quidem
780 3613 942 3679 consilium
967 3613 994 3678 si
1017 3616 1098 3681 esset
1119 3613 1299 3696 perfeetum,
1316 3631 1445 3698 magnas

319 3731 394 3778 sane
417 3733 522 3778 rerum
545 3715 800 3782 commutationes
824 3717 995 3783 effecisset:
1029 3718 1085 3784 sed
1107 3718 1252 3782 Memnon
1276 3719 1343 3800 ipse
1365 3717 1445 3782 caci-

318 3815 376 3895 dit,
394 3815 506 3883 Persae
530 3819 645 3898 autom,
662 3837 722 3902 qua
745 3838 867 3902 semper
889 3821 977 3886 erant
1000 3821 1145 3899 stultitia,
1161 3821 1290 3887 consilio
1312 3821 1368 3886 illo
1384 3838 1446 3885 non

319 3937 467 4002 magnum
488 3919 661 3986 tribuerunt
684 3923 758 3987 vim.
803 3922 1018 3988 Mirandumne
1041 3927 1089 3990 est
1110 3923 1334 4006 expeditionem
1357 3922 1445 3988 illam

318 4019 361 4084 ad
383 4020 508 4086 irritum
530 4021 687 4089 redactam
710 4027 802 4090 esse?
847 4023 991 4090 Ceterum
1013 4026 1211 4090 notissimum
1233 4028 1281 4090 est
1303 4025 1444 4090 civitates

319 4119 458 4188 Graecae
490 4143 583 4207 quam
619 4126 734 4194 fuerint
764 4129 921 4211 permotae
944 4129 1211 4211 perturbatusque,
1234 4129 1445 4211 quantumque

423 4415 448 4482 1)
484 4429 511 4468 u.
530 4415 570 4469 10.
590 4414 623 4468 cf.
643 4414 707 4482 Cap.
726 4415 762 4468 lll
781 4417 796 4482 ᾗ
814 4415 838 4470 2.
