3336 5314
770 519 811 584 27

226 723 352 807 quidem
375 725 484 790 classis
506 724 577 790 ante
600 743 736 808 pugnam
759 726 791 790 in
815 725 948 790 Phalcro
970 725 1081 802 stabat,
1110 721 1222 789 Graeci
1245 722 1351 788 autem

225 845 317 894 naves
337 845 409 892 suas
427 827 459 891 iu
476 827 723 910 septemtrionali
738 827 807 892 sinu
824 826 994 892 Salaminio
1009 825 1245 892 constituerunt.
1276 825 1351 890 Per·

227 949 278 996 sae
301 929 455 1014 putabant
477 929 610 995 Graecos
633 933 752 996 certum
775 931 893 1013 cepisse
908 931 1072 996 eonsilium
1095 927 1177 1011 apud
1193 927 1352 994 Salamina

226 1032 263 1099 de
300 1052 420 1098 summa
457 1052 560 1098 rerum
592 1031 763 1100 decernere.
815 1033 966 1115 Neglecto
997 1033 1184 1100 Artemisiae
1220 1029 1353 1097 oonsilio

225 1133 340 1200 Xerxes
364 1133 501 1201 decrevit
522 1155 588 1202 rem
610 1137 642 1200 iu
666 1137 762 1201 aciem
786 1136 995 1202 committere:
1019 1135 1148 1217 ideoque
1171 1134 1244 1200 dato
1263 1134 1351 1213 siguo

225 1235 337 1302 Persae
360 1237 477 1322 ἀνῆγον
508 1239 564 1314 τὰς
593 1237 665 1315 νέας
687 1237 739 1302 ἐπὶ
761 1239 820 1323 την
842 1237 1010 1323 Σαλαμῖνα
1032 1240 1088 1301 καί
1110 1234 1353 1321 παρεκρίθησαν

226 1338 455 1424 διαταχθέντες
470 1338 542 1404 κατ’
563 1339 713 1426 ἡσυχίην.
740 1339 812 1404 τότε
836 1339 892 1425 μέν
919 1361 972 1405 νυν
995 1341 1053 1406 οὐκ
1076 1337 1230 1425 ἐξέχρησέ
1254 1359 1307 1422 σφι
1330 1339 1352 1423 ἡ

225 1441 327 1528 ἡμέρη
351 1441 530 1529 ναυμαχίην
545 1442 744 1527 ποιήσασθαι
762 1464 769 1480 ·
785 1441 838 1521 νὺξ
859 1445 920 1527 γάρ
944 1441 1110 1527 ἐπεγένετο
1137 1463 1144 1478 ·
1169 1440 1198 1504 οἱ
1220 1439 1255 1503 δὲ
1275 1459 1354 1524 παρ·

227 1544 437 1623 εσκευοίζοντο
460 1544 492 1620 ές
514 1545 573 1630 την
595 1544 762 1631 ὑστεραίην
785 1545 872 1629 (Her.
889 1545 966 1610 VIII
980 1545 1045 1628 70).
1084 1543 1143 1610 sed
1166 1543 1353 1610 Graecorum

227 1646 393 1712 consilium
416 1645 527 1711 Persas
549 1646 670 1712 fefellit.
715 1647 750 1712 lu
773 1646 962 1713 Graecorum
984 1648 1067 1712 enim
1089 1645 1198 1711 castris
1220 1646 1355 1710 maxima

226 1750 292 1813 eret
314 1747 463 1816 dissensio
493 1749 585 1832 atque
616 1751 738 1834 praeter
760 1749 975 1829 Athenienses,
999 1749 1167 1833 Aeginetae
1191 1749 1354 1832 Megareu-

227 1868 335 1934 sosque
357 1852 450 1918 ceteri
472 1851 583 1918 Graeci
606 1853 771 1918 consilium
794 1855 940 1937 ceperunt
962 1854 994 1918 in
1010 1853 1261 1936 Peloponnesum
1283 1869 1355 1934 pro·

225 1952 342 2036 fugere,
366 1955 446 2036 quod
463 1955 721 2021 absurdlssimum
743 1954 803 2020 fult
824 1955 993 2037 inceptum.
1038 1951 1257 2020 Themistoclis
1280 1972 1354 2036 pru·

227 2055 331 2122 deutie
353 2056 517 2123 consilium
546 2057 625 2124 illu'd
656 2057 779 2123 irritum
810 2058 928 2122 factum
952 2060 1009 2122 est.
1057 2057 1146 2123 Misit
1168 2057 1251 2121 enirn
1273 2056 1354 2122 clam

227 2157 266 2224 ad
288 2159 421 2224 Xerxem
453 2179 584 2238 servum,
617 2161 669 2244 qui
700 2179 803 2244 regem
836 2160 872 2225 de
903 2160 962 2224 hac
990 2177 1023 2224 re
1046 2161 1207 2225 certiorem
1231 2158 1355 2223 laceret.

226 2260 264 2327 ‘0
282 2263 338 2347 μέν
360 2262 462 2326 ταῦτά
485 2285 539 2348 σφι
555 2263 711 2350 σημήνας,
736 2264 836 2346 iuquit
851 2263 1027 2329 Herodotus
1050 2261 1141 2344 (VIII
1162 2261 1227 2345 76),
1260 2259 1355 2324 ἐκπο-

227 2363 289 2428 δὼν
310 2363 537 2430 ἀπαλλάσσετο
563 2387 570 2404 ·
596 2375 677 2430 τοῖσι
700 2365 733 2429 δέ
749 2364 791 2442 ὡς
813 2367 910 2429 πιστοί
932 2363 1051 2448 ἐγίνετο
1074 2366 1115 2428 τὰ
1137 2362 1353 2448 ἀγγελθέντα,

228 2473 319 2529 τοῦτο
342 2467 398 2551 μὲν
420 2465 451 2542 ές
473 2469 532 2553 τὴν
554 2467 668 2554 νησῖδα
691 2470 749 2553 την
775 2465 1006 2555 [Ψυτταλείαν]
1035 2465 1152 2552 μεταξὺ
1175 2465 1356 2551 Σαλαμῖνος

228 2587 262 2631 τε
285 2568 432 2655 κειμένην
454 2573 510 2633 καί
532 2579 590 2655 τῆς
610 2569 741 2657 ἠπείρου
757 2571 893 2647 πολλοὺς
909 2579 971 2634 τῶν
986 2569 1133 2654 Περσέων
1148 2568 1353 2657 ἀπεβίβασαν·

229 2678 320 2733 τοῦτο
351 2670 397 2754 δέ,
431 2671 540 2756 ἐπειδη
572 2671 710 2757 ἐγίνοντο
741 2672 833 2758 μέσαι
865 2672 988 2755 νύκτες,
1023 2671 1142 2757 ἀνῆγον
1165 2673 1220 2757 μέν
1243 2673 1279 2734 τὸ
1302 2668 1358 2734 ἀπ’

229 2770 363 2857 ἑσπέρης
385 2773 479 2857 κέρας
501 2773 709 2860 κυκλούμενοι
732 2779 807 2860 πρὸς
828 2778 887 2860 την
910 2774 1089 2860 Σαλαμῖνα,
1124 2775 1242 2858 ἀνῆγον
1271 2773 1305 2836 δὲ
1328 2773 1357 2838 οἱ

229 2875 308 2961 ἀμφί
329 2877 405 2960 τὴν
427 2875 536 2942 Κέον
558 2899 593 2942 τε
608 2880 663 2942 καί
686 2879 744 2963 την
759 2877 962 2963 Κυνόσουραν
984 2876 1180 2963 τεταγμένοι,
1196 2874 1357 2965 Δκατεῖχόν

228 2997 264 3041 τε
287 2977 378 3064 μέχρι
401 2977 583 3066 Μουνυχίης
606 2979 709 3045 ποίντα
732 2983 785 3045 τὸν
807 2981 950 3068 πορθμὸν
977 2989 1049 3065 τῇσι
1072 2978 1175 3066 νηυσί.
1219 2979 1269 3044 sic
1291 2977 1357 3042 He·

227 3081 354 3148 rodotus
375 3101 440 3148 rem
461 3083 549 3148 illam
566 3086 680 3150 narrat.
717 3083 806 3164 Quod
821 3087 857 3150 ut
878 3085 963 3150 recte
977 3083 1207 3168 intellegamus,
1232 3099 1356 3148 necesse

228 3186 276 3250 est
297 3185 423 3268 praeter
444 3185 522 3251 alios
556 3187 721 3270 scriptores
751 3187 904 3271 imprimis
928 3187 1118 3272 Aeschylum
1152 3185 1357 3251 adhibeamus

231 3286 328 3370 (Pers.
351 3305 381 3351 v.
403 3286 468 3350 355
490 3288 560 3371 sq.),
584 3290 636 3370 qui
658 3290 725 3372 Ipse
748 3307 870 3372 pugnae
893 3289 1051 3356 interluit:
1074 3287 1252 3353 Herodotus
1274 3287 1355 3351 euim

230 3387 393 3454 manifesto
416 3387 606 3472 Aeschylum
637 3391 669 3454 et
694 3391 855 3456 oraculum
886 3390 1039 3473 quoddam
1071 3391 1196 3454 secutus
1228 3390 1285 3466 est,
1318 3387 1357 3453 de

231 3507 290 3573 quo
312 3509 383 3556 mox
404 3489 486 3556 inira
512 3489 697 3556 videbimus.
742 3493 801 3558 His
832 3491 1042 3557 fundamentis
1073 3491 1133 3556 uisi
1165 3509 1269 3574 pugna
1300 3489 1357 3556 illa

230 3589 383 3675 quomodo
414 3591 497 3658 facta
527 3593 569 3658 eit
600 3595 772 3678 perspicere
803 3613 977 3677 possumus.
1023 3594 1138 3660 Persae
1170 3594 1253 3660 enim
1285 3609 1356 3657 cum

229 3696 365 3778 primum
388 3693 552 3760 audieruut
574 3694 708 3763 Graecos
729 3696 833 3764 media
855 3699 944 3764 nocte
966 3696 1058 3780 fugae
1081 3715 1113 3763 se
1139 3695 1274 3774 daturos,
1307 3695 1356 3762 fu·

230 3797 385 3882 gieutihus
408 3798 512 3863 omnia
533 3798 649 3884 effugia
680 3801 800 3867 auferre
823 3800 1059 3868 constituerunt.
1104 3798 1192 3880 Quod
1223 3800 1260 3865 ut
1290 3797 1359 3864 effi·

230 4088 301 4142 fflst.
320 4102 347 4142 u.
366 4087 462 4156 phllol.
481 4087 558 4143 Aule.
577 4088 595 4143 1.
613 4089 644 4142 E.
663 4087 778 4143 Curtius
797 4087 885 4157 (1882)
908 4104 933 4158 p.
953 4090 968 4143 1
987 4103 1047 4157 sq.;
1076 4087 1223 4153 Goodwin
1250 4088 1357 4156 Papers

232 4175 264 4228 oi
277 4175 326 4228 the
344 4173 457 4229 omerio.
477 4173 576 4229 school
593 4175 623 4229 at
636 4175 743 4229 Athens
761 4176 773 4228 l
791 4173 880 4244 (1885)
899 4190 924 4244 p.
943 4175 995 4229 239
1011 4167 1071 4243 sq.;
1090 4173 1226 4242 Poepil’er,
1241 4173 1356 4238 Quaest.

230 4259 341 4314 Pisistr.
360 4259 435 4324 1888,
462 4275 488 4328 p.
508 4259 541 4315 15
559 4275 617 4328 sq.;
644 4259 746 4325 Bauer,
773 4261 854 4315 Burs.
873 4261 938 4316 dhh.
965 4261 1000 4315 80
1018 4259 1105 4330 (1889)
1134 4273 1159 4327 p.
1179 4259 1230 4314 118
1247 4273 1288 4327 sq.
1316 4259 1356 4314 Ol.

231 4349 380 4414 praeterea
397 4361 469 4414 quac
487 4346 640 4412 Phlrlwall,
660 4345 756 4412 Grote,
775 4347 897 4413 Curtius,
915 4347 1058 4412 Dunclrer,
1082 4345 1190 4410 Bosolt,
1218 4345 1300 4400 Holm
1327 4345 1357 4400 ln

231 4429 359 4486 historiis
378 4432 438 4486 suis
457 4432 621 4486 docuerunt.
