3322 5302
873 479 917 543 88

334 683 391 750 ille
414 684 579 767 quotannis
603 683 784 761 creabatur3
808 682 990 748 archontum
1012 681 1138 747 nomina
1160 699 1222 746 non
1236 678 1337 745 multa
1351 677 1390 743 ad
1405 695 1463 743 nos

335 784 586 871 pervenerunt1),
610 803 708 868 neque
731 803 838 850 eorum
868 784 941 876 anni
973 783 1146 849 accuratius
1176 778 1299 847 definiri
1320 781 1462 863 possunt.

438 889 537 954 Paulo
560 889 651 971 plura
673 907 766 971 quam
789 887 826 952 de
840 886 1039 952 archontibus
1057 887 1170 952 scimus
1186 886 1223 950 de
1246 883 1462 966 strategis

335 990 546 1078 (στρατηγοί),
569 1009 757 1075 quamquam
779 990 874 1056 etiam
896 989 972 1055 haec
994 1004 1055 1054 non
1077 987 1124 1052 ita
1154 987 1255 1053 multa
1286 988 1369 1052 sunt.
1414 985 1463 1050 Ac

334 1095 470 1178 primum
493 1093 619 1176 quidem
641 1092 837 1178 στρατηγούς
860 1093 945 1158 omni
965 1093 1011 1156 rei
1036 1091 1167 1156 militari
1198 1089 1379 1173 praefuisse,
1402 1089 1463 1154 etsi

334 1215 371 1262 en
392 1195 495 1261 titulis
518 1195 555 1261 de
577 1196 626 1260 his
649 1196 741 1260 rebus
763 1195 842 1260 nihil
865 1195 1010 1279 colligere
1031 1181 1206 1275 possumus,
1226 1211 1287 1258 non
1309 1192 1357 1257 est
1379 1190 1463 1274 quod

273 1329 275 1334 ·
333 1300 476 1383 pluribus
498 1317 661 1377 moneam3
684 1299 815 1382 possunt
837 1298 963 1381 quidem
986 1315 1021 1363 oo
1039 1296 1151 1366 ¹referri
1172 1296 1274 1374 verba,
1307 1313 1386 1376 quae
1408 1313 1461 1358 ex-

335 1401 421 1468 stant
442 1402 475 1466 in
498 1401 692 1467 Cerceiorum
713 1402 765 1467 tit.
788 1421 818 1466 n.
840 1400 884 1464 66
905 1421 935 1466 ν.
957 1399 1001 1464 38
1023 1419 1081 1482 sq.¹
1104 1398 1159 1464 uhi
1192 1399 1229 1463 de
1251 1397 1390 1464 militum
1411 1417 1462 1462 re-

334 1505 476 1570 censione
498 1505 619 1587 agitur:
643 1505 687 1588 μὴ
704 1502 817 1581 ἐξεῖναι
839 1503 873 1566 δὲ
895 1501 1074 1566 ἀποδόσθαι
1096 1503 1137 1565 τὰ
1159 1501 1250 1566 otia
1266 1502 1293 1570 ,δ
1316 1501 1355 1564 ἂν
1377 1499 1460 1586 λάβῃ

335 1607 391 1691 (sc.
414 1605 566 1688 inludis)
589 1609 660 1682 τοὺς
682 1606 717 1670 δὲ
740 1609 935 1692 στρατηγοὺς
957 1607 991 1671 ἐν
1022 1615 1062 1690 τῇ
1091 1603 1266 1690 ἐξοπλασίᾳ
1289 1602 1459 1685 ἐξετάζειν,

335 1707 389 1774 ssd
412 1707 489 1772 haec
511 1707 604 1774 verba
626 1709 671 1773 rei
692 1709 837 1775 militaris
854 1709 1155 1774 administrationem
1170 1702 1297 1772 miniine
1314 1725 1367 1772 nos
1390 1705 1462 1772 edo-

335 1829 404 1876 cere
427 1811 567 1892 possunt.
611 1811 647 1874 In
680 1811 788 1878 eodem
819 1812 912 1877 titulo
945 1831 975 1877 v.
1007 1811 1050 1875 34
1083 1831 1129 1894 sq.
1161 1811 1285 1894 probuli
1316 1810 1462 1875 iubentur

334 1915 376 1977 rut
407 1913 492 1977 ὅπλα
523 1915 777 1998 παρασκευάζειν
810 1917 866 1980 καὶ
898 1913 1099 2000 παραδιδόναι
1132 1923 1198 1990 τοῖς
1232 1912 1458 1998 ἐφισταμένυις.

335 2015 374 2081 U.
397 2015 535 2082 Kochler
556 2017 589 2082 in
611 2017 725 2083 litteris
748 2020 787 2084 ad
820 2037 869 2084 me
900 2018 983 2084 datis
1014 2018 1131 2099 optimc
1162 2016 1302 2095 coniecit,
1335 2017 1368 2080 in
1399 2023 1462 2079 τῶν

334 2117 547 2204 ἐφισταμένων
568 2139 730 2184 numerum
753 2121 927 2186 referendos
959 2139 1026 2186 esse
1058 2119 1155 2185 etiem
1185 2118 1347 2201 strategos,
1380 2117 1462 2201 quod

332 2239 389 2303 por
409 2240 443 2288 se
465 2222 570 2304 ipsum
591 2222 854 2288 verisimillimum
867 2224 925 2288 cst.
969 2220 1209 2287 Atheniensium
1224 2221 1377 2304 strategos
1393 2239 1461 2287 sac·

439 2493 464 2560 1)
483 2493 669 2548 Innotuerunt
687 2495 835 2548 duodecim
853 2493 1012 2556 archontes,
1032 2506 1103 2560 quos
1122 2495 1236 2548 servato
1254 2495 1413 2562 temporum
1432 2498 1462 2550 et

335 2579 449 2634 urbium
467 2579 566 2634 ordine
583 2580 630 2634 hie
648 2581 780 2634 adieram.

573 2703 593 2757 I.
627 2701 964 2757 Carthaeensium
992 2701 1220 2756 archontes

488 2805 512 2859 1.
544 2803 569 2859 V
588 2819 612 2860 a.
631 2804 694 2859 Chr.
713 2820 740 2860 n.
758 2819 832 2859 saec.
852 2805 985 2858 exeunte.

590 2887 723 2960 θεοκύὸης
735 2887 927 2958 Ἀρισταίχμου
947 2888 983 2957 (n.
1001 2889 1036 2955 2).

488 2975 512 3030 2.
541 2977 580 3031 IV
597 2991 621 3031 a.
640 2975 703 3030 Chr.
722 2992 749 3031 n.
768 2990 842 3030 seeo.
861 2977 996 3029 exeunte.

591 3059 769 3128 Παντάγαθυς
784 3060 822 3130 (n.
841 3061 875 3116 14
893 3059 935 3114 Bb
954 3074 981 3114 V.
1000 3059 1055 3126 15).

591 3143 758 3218 Κτησιμένης
773 3147 848 3214 (ibid.
866 3162 894 3201 v·
913 3147 964 3211 16).

593 3232 726 3302 osorton<
742 3233 817 3303 (ibid.
836 3248 863 3288 ν.
883 3231 934 3301 17).

592 3316 676 3372 Φίλων
694 3319 769 3388 (ibid.
788 3334 815 3374 V.
836 3319 888 3388 18).

589 3401 757 3476 Καλλιμένης
773 3406 849 3476 (ibid.
867 3420 894 3461 V.
913 3405 965 3473 19).

590 3488 743 3552 Καλλίνικος
759 3492 834 3562 (ibid.
853 3505 880 3546 v,
893 3493 929 3546 20
946 3493 975 3546 et
992 3490 1046 3559 21).

591 3574 723 3644 Σώκριτος
738 3577 814 3647 (ibid
833 3591 860 3630 v.
879 3576 932 3645 22).

593 3663 730 3732 Δεινοκλῆς
747 3664 784 3734 (n.
803 3665 838 3718 14
854 3664 897 3718 Aa
913 3679 941 3719 v.
958 3664 976 3718 8
993 3663 1054 3732 sq.).

591 3745 717 3819 Kalipor'o:
734 3745 880 3817 Νικηράτου
899 3748 975 3818 (ibid.
993 3765 1021 3804 v.
1040 3751 1074 3804 12
1092 3750 1151 3818 ευ).

590 3830 760 3902 Ἀλεξιτὲλης
777 3833 813 3903 (n.
833 3834 867 3888 14
884 3833 926 3887 Ab
946 3849 973 3889 v.
991 3833 1044 3902 35).

621 3955 652 4008 ΙΙ.
671 3955 1172 4010 dulietarumerchontes.

592 4055 755 4127 θεοφανίδης
771 4057 807 4127 (n.
826 4057 879 4126 38).

594 4141 720 4212 Διυκύδης
736 4142 772 4212 (n.
790 4143 844 4210 40).

436 4244 511 4300 Num
529 4244 760 4300 Oarthaeenslum
787 4245 937 4299 archontes
965 4243 1030 4298 inde
1059 4243 1290 4310 aPanthagatho
1314 4237 1462 4310 usquead

334 4329 477 4384 Socritnm
493 4331 558 4385 incl.
576 4332 649 4386 alius
667 4332 755 4385 alium
773 4331 905 4397 deinceps
923 4329 1090 4396 exceperint
1107 4343 1158 4396 pro
1177 4329 1255 4382 certo
1274 4328 1387 4396 quidem
1414 4325 1461 4382 ad·

333 4415 441 4470 firmari
458 4431 516 4470 non
533 4418 635 4485 potest,
654 4418 709 4470 etsi
727 4430 773 4470 res
791 4430 849 4470 non
867 4417 929 4469 sins
947 4413 1155 4482 probabilitatis
1174 4414 1270 4482 specie
1288 4415 1340 4467 est.
