3336 5314
750 505 791 576 ai

208 707 361 793 Κυρήνης
394 708 432 771 ἐκ
465 707 582 784 Φθίας.
630 707 774 775 Vidimus
797 729 891 793 supra
912 711 1065 790 Xuthum,
1090 712 1179 778 Jonis
1202 712 1331 794 patrem,

205 829 247 876 ex
270 810 448 876 Phthiotide
471 811 634 876 oriundum
657 829 742 878 esse:
766 811 889 878 Xuthus
912 813 982 878 inde
1006 813 1158 896 proiectus
1180 815 1213 880 in
1234 815 1332 882 tetra·

212 915 276 996 poli
291 913 487 979 Marathonia
510 913 683 980 consedisse
706 917 740 980 et
754 915 993 990 Atheniensium
1006 929 1113 1000 regem
1125 917 1333 984 Erechtheum

160 1020 165 1028 ’
205 1017 318 1082 contra
340 1016 483 1084 Boeotios
515 1016 670 1082 adiuvisse
702 1016 825 1084 dicitur.
871 1018 908 1081 ln
930 1018 1108 1084 uniuersum
1130 1017 1168 1083 de
1191 1018 1331 1100 Hellana,

212 1119 310 1185 Xuthi
331 1119 573 1202 petroniusque
595 1118 668 1184 filiis
690 1119 772 1202 apud
795 1119 1007 1204 Thucydidem
1029 1121 1059 1204 (Ι
1081 1121 1111 1198 3,
1133 1119 1168 1203 2)
1191 1121 1267 1187 haee
1287 1123 1333 1188 le·

204 1223 331 1304 gimus:
377 1220 536 1307 Ἕλληνος
573 1221 607 1284 δὲ
638 1223 694 1286 καὶ
715 1229 777 1286 τῶν
799 1222 918 1288 παίδων
941 1224 1036 1288 αὐτοῦ
1059 1223 1093 1288 ἐν
1114 1233 1154 1308 τῇ
1178 1223 1333 1292 Φθιώτιδι

209 1324 420 1410 ἰσχυσάντων,
445 1325 501 1388 καὶ
523 1323 725 1409 ἐπαγομένων
751 1326 863 1400 αὐτοὺς
885 1323 934 1388 ἐπ’
956 1324 1078 1410 ὠφελίᾳ
1101 1325 1133 1400 ἐς
1155 1328 1210 1402 τὰς
1232 1325 1333 1405 ἄλλος

204 1426 318 1502 πόλεις
332 1428 391 1494 etc.
425 1425 616 1508 Quibuscum
633 1427 659 1493 si
674 1428 828 1494 scholium
849 1427 927 1494 illud
951 1445 1172 1511 comparamus,
1188 1447 1237 1494 ros
1259 1431 1332 1500 illae

210 1531 324 1596 mirum
360 1529 511 1612 quantum
542 1532 746 1596 consentiunt.
792 1532 954 1598 Aristaeus
987 1531 1037 1596 hic
1060 1531 1216 1614 Apollinis
1249 1533 1332 1601 filius

205 1632 306 1698 fuisse
339 1633 463 1710 dicitur,
488 1632 632 1698 similiter
664 1634 756 1716 etque
778 1633 849 1712 Jon,
872 1653 933 1717 qua
964 1633 1001 1698 de
1024 1651 1056 1698 re
1079 1633 1202 1700 uberius
1225 1634 1332 1718 dispu-

204 1734 296 1811 'tavi3
319 1735 453 1798 matrem
476 1735 542 1800 eius
565 1735 703 1821 Cyrenen
726 1735 894 1817 Lapitham
915 1736 1011 1802 fuisse
1034 1737 1163 1815 constat,
1181 1736 1332 1819 Lapithae

207 1838 317 1902 autem
348 1837 443 1903 etiam
466 1837 660 1906 Thessaliam
689 1839 901 1918 incoluerunt;
936 1840 1097 1906 Aristaeus
1128 1839 1272 1908 similitor
1297 1861 1333 1906 er

212 1941 392 2008 Phthiotide
407 1942 572 2026 arcessitus
590 1961 657 2008 esse
669 1944 811 2008 narratur
826 1979 866 1992 -
882 1943 958 2010 haec
981 1945 1084 2021 omnia
1099 1945 1126 2008 si
1140 1945 1330 2026 reputamus,

204 2043 243 2108 iu
265 2043 372 2127 mytho
394 2043 449 2108 illo
473 2044 757 2126 antiquissimarum
771 2046 887 2112 Jonum
900 2047 1091 2112 coloniarum
1105 2047 1254 2112 memoria
1267 2065 1332 2112 ser-

210 2146 284 2210 vata
305 2163 372 2210 osse
394 2145 526 2212 videtur.
961 2161 964 2168 ’

313 2249 552 2314 Atheniensium
573 2250 670 2333 igitur
685 2249 904 2332 Arcanumque
927 2249 1064 2316 coloniae
1079 2269 1202 2331 prorsus
1218 2249 1332 2314 tollen-

205 2352 267 2418 dae
291 2352 373 2418 sunt.
410 2351 480 2418 Non
502 2353 587 2418 idem
610 2353 694 2418 valet
716 2353 753 2418 de
777 2352 968 2435 Naupactim,
993 2351 1031 2418 do
1054 2351 1166 2434 quihus
1188 2351 1332 2418 Heracli-

206 2456 266 2520 des
288 2455 311 2519 l.
333 2455 356 2520 l.
378 2455 454 2522 haec
478 2458 602 2524 narrat:
648 2455 740 2532 Κὲως
762 2453 789 2518 δ’
811 2456 850 2520 ἐκ
872 2454 1068 2520 Ναυπάκτου
1090 2454 1197 2541 διαβὰς
1220 2455 1330 2538 ᾤκισε,

206 2560 266 2622 occi
288 2556 343 2622 ἀπ’
364 2559 460 2622 αὐτοῦ
484 2558 604 2644 ταύτην
625 2557 799 2644 ὠνόμασεν.
836 2557 916 2624 Sane
939 2556 1029 2634 Κέως
1052 2558 1107 2624 illo
1120 2557 1155 2641 ¹),
1173 2558 1226 2640 qui
1250 2556 1333 2624 colo-

314 2813 340 2882 1)
359 2816 402 2869 De
421 2814 484 2878 Ceo,
505 2815 553 2869 Cei
570 2816 679 2888 insulae
707 2829 856 2883 cponymo,
883 2815 1045 2883 nuperrime
1072 2816 1193 2870 strictim
1214 2817 1332 2883 ogemnt

205 2899 311 2965 Mases,
340 2901 433 2956 Goett.
462 2902 515 2968 gol.
543 2901 620 2955 Ana:
640 2901 736 2955 18901
762 2915 788 2970 p.
806 2902 859 2956 354
885 2903 979 2956 notit
1009 2903 1037 2956 et
1055 2900 1201 2966 Kirchner‚
1229 2901 1285 2956 Att.
1304 2903 1333 2956 et

208 2985 306 3056 Pelop.
324 3003 349 3055 p.
362 2987 396 3042 tt
408 2988 467 3042 not.
480 2987 505 3041 3.
515 2987 647 3054 Legimus
660 2987 735 3042 enirn
748 2989 778 3042 in
791 2987 897 3044 'lroum
909 2989 1039 3056 catalogo
1052 2987 1076 3042 B
1088 3003 1116 3042 ν.
1128 2987 1181 3042 846
1191 3002 1232 3056 sq.
1245 2988 1332 3044 haec:

451 3101 580 3174 Εὔφημος
594 3104 618 3158 δ’
635 3106 721 3176 ἀρχὸς
735 3102 848 3158 Κικόνων
867 3105 909 3158 ἔεν
927 3107 1089 3178 ολχμηιάων,

450 3192 506 3249 υἱὸς
526 3186 671 3260 Τροιζήνοιο
687 3191 844 3258 διοτρεφέος
858 3187 972 3246 Κεάδαο.

206 3309 290 3364 Mitto
307 3309 515 3376 mythologloas
534 3309 714 3374 quaestiones
733 3311 797 3362 cum
815 3309 843 3362 et
862 3309 970 3363 alienae
987 3310 1045 3363 sint
1063 3323 1080 3363 a
1096 3323 1128 3362 re
1142 3310 1288 3376 proposita
1304 3311 1334 3364 et

209 3397 326 3462 longum
345 3397 382 3448 sit
400 3409 448 3449 ees
466 3396 513 3448 hio
530 3396 711 3462 pertractare.
743 3395 880 3462 Equidem
897 3397 951 3449 hoc
964 3410 1052 3449 unum
1064 3396 1230 3458 monuerim,
1250 3395 1333 3450 droe-

207 3495 281 3535 aena
297 3481 345 3534 hic
362 3480 498 3548 appellari
517 3478 566 3533 (lei
582 3480 679 3534 illium.
715 3480 805 3548 Supra
831 3481 958 3548 pluribus
977 3482 1068 3544 docui,
1095 3482 1125 3535 in
1143 3481 1275 3548 Argolide
1295 3481 1333 3550 (et

207 3567 324 3634 quidem
342 3567 480 3634 imprimis
498 3564 651 3632 'lroenenel
670 3567 776 3622 Jonum
792 3567 882 3622 fuisse
900 3567 1034 3630 colonias,
1053 3567 1087 3622 ci.
1105 3567 1186 3634 impr.
1199 3581 1243 3631 aa,
1261 3581 1333 3636 quae

208 3652 245 3708 de
262 3653 307 3707 his
334 3652 420 3706 rebus
448 3652 553 3720 optime
570 3652 705 3719 exposuit
723 3651 853 3720 'loepiier
879 3652 897 3706 l.
915 3652 933 3706 l.
952 3651 1044 3716 Quam
1060 3652 1167 3708 multae
1185 3652 1333 3708 exstarent

207 3739 321 3794 fabulae
338 3739 440 3794 Atticis
467 3753 531 3794 oum
548 3738 764 3806 Peloponnesiis
791 3751 953 3794 communes
981 3737 1121 3792 Kirohner
1146 3738 1164 3792 l.
1191 3738 1210 3792 t
1237 3739 1333 3793 docuit

209 3825 329 3892 iureque
348 3824 390 3892 (ut
407 3839 494 3891 supra
511 3821 645 3892 vidimus)
664 3825 810 3888 conclusit,
828 3825 964 3892 utrosque
981 3837 1100 3892 peregre
1113 3838 1161 3880 eas
1180 3823 1331 3891 accepisse.

207 3909 246 3963 At
264 3924 333 3964 vero
352 3911 437 3964 etiam
455 3909 519 3963 Oeis
538 3923 604 3964 oum
614 3909 717 3964 Atticis
728 3909 947 3976 'incensatisque
963 3909 1113 3966 nonnullas
1131 3909 1219 3964 fuisse
1236 3922 1332 3964 neces·

210 3995 350 4049 situdines
361 3995 442 4048 verbi
456 3995 653 4050 causaPitthei
663 4009 728 4050 cum
736 3995 824 4050 Attici
833 3996 895 4050 tum
905 3995 1053 4050 Troezenii
1063 3995 1159 4050 herois
1169 3995 1332 4061 exemplum

208 4081 302 4144 docet,
321 4081 402 4134 cuius
419 4081 586 4136 memoriam
604 4081 690 4134 etiam
707 4081 737 4136 in
754 4081 847 4136 insule
864 4080 920 4136 Oeo
938 4081 1069 4135 floruisse
1087 4080 1274 4148 comperimus
1294 4095 1332 4136 ex

205 4166 252 4220 tit
271 4166 327 4221 Geo
345 4181 373 4221 n.
390 4167 425 4222 35
443 4166 487 4232 (oi
505 4166 621 4222 Beohtel
646 4182 672 4221 n.
690 4167 733 4230 44,
751 4165 891 4222 Kirchner
907 4167 925 4222 l.
943 4166 971 4235 l.)
998 4166 1073 4234 Ergo
1100 4180 1160 4220 non
1186 4167 1230 4220 est
1257 4167 1333 4233 quod

207 4251 353 4314 miremm,
371 4250 517 4306 'troezene
533 4251 580 4304 hic
597 4249 752 4306 Cei‘iilium
769 4252 912 4320 appellari,
932 4265 997 4306 oum
1014 4250 1087 4306 Ceus
1105 4251 1206 4314 insula
1229 4251 1332 4319 quippe

206 4334 314 4390 donum
325 4336 444 4400 colonia,
463 4337 606 4392 artissime
615 4337 690 4390 haud
702 4337 785 4392 dubie
797 4352 861 4392 curn
872 4338 966 4392 Attica
976 4337 1167 4405 Argolideque
1181 4337 1332 4392 coniuncta

206 4419 303 4476 fuerit.
338 4421 416 4486 Quae
442 4423 468 4476 si
494 4423 571 4477 recte
598 4423 779 4488 coniecimus,
807 4423 893 4478 etiarn
911 4424 940 4478 in
958 4424 1012 4478 hae
1030 4437 1061 4478 re
1084 4422 1191 4478 donum
1208 4423 1332 4490 vestigia
