3336 5314
524 1191 1012 1295 Praefatio.

670 1509 718 1565 Ίὸ.
732 1551 739 1566 .
754 1511 866 1580 ἀκριβὲς
880 1512 930 1582 οὐχ
946 1513 1047 1576 ὁμοίως
1062 1513 1090 1564 ἐν
1101 1512 1181 1564 ἅπασι
1193 1516 1249 1572 τοῖς
1258 1502 1347 1582 λόγοις

630 1582 799 1651 ἐπιζητητέον
817 1619 886 1633 ....
905 1581 1116 1645 πεπαιδευμένου
1133 1581 1186 1648 γάρ
1213 1583 1282 1634 ἐστιν
1300 1583 1343 1634 ἐπὶ

629 1654 753 1702 τοσοῦτον
771 1649 899 1717 τάκριβὲς
914 1651 1043 1719 ἐπιζητεῖν
1061 1649 1122 1702 καθ’
1137 1650 1245 1702 ἕκαστον
1258 1651 1342 1718 γένος,

630 1715 674 1785 ἐφ’
691 1720 750 1770 ὅσον
769 1719 786 1787 ἡ
803 1722 850 1770 τοῦ
868 1719 1025 1786 πράγματος
1040 1718 1119 1784 φύσις
1133 1718 1291 1788 ἐπιδέχεται.

694 1803 818 1871 (Aristot,
835 1803 932 1858 Nicom.
951 1804 1009 1856 Eth.
1028 1806 1052 1855 A
1073 1806 1096 1869 1,
1115 1821 1140 1870 p.
1161 1803 1228 1858 1094
1246 1805 1270 1866 b,
1291 1803 1342 1873 13).

319 1921 356 1985 In
390 1922 448 1986 hac
480 1921 701 2003 disputatione,
736 1939 814 2004 quae
847 1920 1343 1988 ineunte¹ann01889Berolini

218 2006 365 2072 suadente
388 2007 542 2072 Kochlero
573 2005 719 2072 incohata
751 2007 861 2070 deinde
891 2008 985 2071 variis
1017 2007 1149 2090 negotiis
1172 2008 1342 2094 (interdum

217 2093 312 2156 etiam
342 2091 472 2174 morbis)
507 2093 681 2174 interrupta
712 2111 794 2156 nunc
826 2091 950 2157 demum
983 2093 1177 2174 aliquatenus
1201 2093 1343 2160 absoluta

216 2178 474 2262 vulgatur‚,quae
496 2179 694 2261 potissimum
714 2177 842 2243 ‘secutus
864 2180 924 2241 sim
947 2178 1118 2261 quibusque
1134 2178 1342 2244 fundamentis

216 2261 474 2344 adminiculisque
497 2264 544 2328 uti
566 2264 731 2348 potuerim,
755 2263 814 2328 etsi
835 2263 1021 2345 singillatim
1044 2282 1192 2348 exponere
1215 2265 1342 2349 longum

215 2351 273 2427 est,
295 2349 402 2431 paucis
425 2351 529 2414 tamen
560 2347 759 2414 indicandum
783 2347 914 2412 videtur.
968 2350 1081 2432 Atque,
1115 2351 1151 2414 ut
1173 2370 1191 2415 a
1214 2351 1342 2416 collecta

214 2435 345 2499 materie
368 2433 478 2511 ordiar,
516 2435 549 2499 in
581 2435 764 2518 colligendis
787 2437 926 2498 veterum
949 2436 1133 2518 scriptorum
1155 2436 1342 2502 testimoniis

216 2519 295 2585 nihil
316 2538 366 2584 me
388 2519 505 2604 fugisse
521 2523 605 2604 puto,
631 2521 712 2603 quod
729 2522 837 2586 notatu
852 2520 902 2585 uel
916 2522 1090 2586 memoratu
1105 2521 1187 2587 esset
1203 2522 1341 2606 dignum.

214 2605 316 2671 Multo
338 2606 479 2688 pluribus
502 2607 738 2672 difficultatibus
755 2606 914 2671 obstructa
930 2609 996 2670 erat
1011 2607 1173 2672 titulorum
1190 2607 1341 2673 collectio.

215 2691 314 2756 Tituli
337 2692 419 2755 enim
442 2689 553 2756 Graeci
576 2712 645 2756 cum
669 2711 723 2775 per
744 2691 985 2757 innumerabiles
1007 2693 1069 2756 fere
1093 2693 1222 2774 dispersi
1249 2693 1341 2758 dissi-

216 2777 342 2858 patique
359 2777 421 2840 sint
436 2779 682 2854 commentarios,
699 2777 919 2858 ephemerides,
943 2778 1150 2855 collectiones,
1174 2798 1212 2842 ne
1228 2797 1265 2843 ex
1280 2799 1343 2844 una

216 2862 341 2944 quidem
372 2863 497 2946 regione
531 2865 580 2942 (ut
611 2864 753 2928 omittam
786 2865 927 2927 externos
959 2863 998 2928 ad
1019 2863 1112 2928 huius
1135 2865 1269 2948 regionis
1291 2883 1340 2929 res

214 2948 417 3030 pertinentes)
452 2948 541 3014 hodie
579 2948 618 3014 ad
649 2968 745 3013 unum
779 2967 884 3012 omnes
908 2948 1012 3032 colligi
1034 2950 1173 3032 possunt.
1220 2949 1342 3016 Nihilo·

214 3035 317 3099 minus
349 3035 471 3098 nullum
494 3033 547 3100 Cei
579 3035 699 3100 insulae
732 3035 860 3100 t'tulum
882 3053 932 3099 me
955 3035 1070 3118 fugisse
1093 3036 1247 3114 existimo,
1281 3035 1341 3101 nisi

215 3120 267 3201 qui
300 3120 331 3183 in
367 3119 562 3202 ephemeride
593 3121 727 3203 quadam
757 3122 804 3184 est
827 3119 945 3197 editus,
981 3139 1059 3203 quae
1092 3121 1171 3185 mihi
1193 3129 1261 3186 non·
1276 3125 1342 3186 erat

214 3207 356 3289 praesto;
379 3205 462 3270 idem
478 3225 549 3271 vero
566 3205 603 3270 de
619 3205 753 3272 externis
768 3207 871 3270 titulis
894 3205 1059 3271 adfirmare
1081 3207 1208 3272 minime
1232 3207 1340 3273 audeo.

322 3290 370 3354 De
385 3291 517 3372 singulis
533 3291 664 3356 Ceorum
681 3291 773 3356 rebus
796 3293 855 3356 etsi
877 3292 1016 3356 nonnulli
1039 3293 1162 3356 exstant
1184 3311 1341 3357 commen-

213 3376 287 3440 tarii
309 3376 494 3458 gravissimi,
519 3378 622 3440 tamen
654 3377 830 3442 universam
852 3376 973 3440 insulae
994 3377 1157 3441 historiam
1181 3377 1341 3460 publicas·

214 3479 273 3544 que
296 3478 346 3525 res
369 3479 459 3526 nemo
480 3473 611 3543 usquam
634 3461 782 3526 adhibitis
801 3461 943 3526 omnibus
958 3462 1059 3526 titulis
1075 3481 1130 3546 por
1143 3463 1243 3527 totam
1258 3463 1341 3527 anti-

214 3547 366 3629 quitatem
388 3549 567 3629 persecutus
590 3547 647 3612 est.
691 3545 965 3625 Broendsted¹)
988 3547 1112 3630 quidem
1135 3547 1261 3613 ineunte
1282 3549 1341 3614 hoc

214 3632 337 3697 saeculo
360 3631 461 3697 faeere
485 3633 613 3699 conatus
636 3633 693 3708 est,
717 3631 770 3697 sed
792 3633 876 3698 ultra
897 3633 1022 3698 initium
1045 3653 1105 3700 non
1128 3635 1176 3698 ost
1197 3653 1340 3717 progres-

215 3737 279 3783 sus:
305 3719 442 3783 continet
464 3717 542 3784 liber
565 3719 631 3784 eius
647 3718 701 3784 Cei
722 3719 842 3784 insulae
865 3719 1103 3802 descriptionem
1126 3721 1219 3802 atquo
1240 3720 1340 3785 histo·

212 3805 292 3868 riam
325 3803 365 3868 ab
396 3803 623 3888 antiquissimis
654 3805 845 3885 temporibus
877 3824 973 3888 usque
996 3805 1036 3870 ad
1057 3805 1141 3871 bella
1163 3805 1339 3886 Persarum.
1382 3861 1384 3866 .

212 3889 260 3953 De
275 3889 395 3954 insulae
411 3889 537 3972 quidem
560 3891 764 3972 descriptione
781 3891 832 3956 Br.
848 3892 964 3972 optime
986 3892 1114 3958 meritus
1138 3893 1186 3956 est
1207 3891 1239 3956 et
1260 3911 1339 3975 pau·

213 3975 354 4040 cissimas
376 3993 426 4040 res
448 3976 476 4040 si
499 3978 631 4058 excipias
655 3979 705 4059 (ut
727 3977 812 4041 urhis
831 3977 977 4042 Poiessae
993 3978 1103 4057 situm)
1126 3977 1339 4060 investigatio-

213 4079 266 4126 nes
289 4060 355 4125 oius
377 4060 468 4125 hodie
492 4080 611 4145 quoque
635 4063 812 4144 probantur.
850 4061 964 4128 Contra
986 4081 1063 4144 quae
1087 4063 1124 4127 de
1147 4063 1266 4128 insulae
1289 4063 1338 4128 hi-

316 4267 342 4332 1)
360 4266 544 4332 aroenosreo,
563 4268 666 4322 Reisen
683 4283 710 4322 u.
730 4267 986 4334 Untersnohungen
1004 4268 1033 4322 in
1052 4266 1108 4330 Gn,
1133 4267 1145 4319 Ι
1162 4266 1243 4321 Paris
1263 4266 1338 4320 1826.

212 4333 398 4471 qipdtbqeqquh,
427 4337 464 4392 lrl.
494 4335 605 4391 Schrift.
634 4337 684 4390 VH
711 4351 737 4404 p.
763 4337 815 4391 329
842 4349 892 4404 sq.;
920 4334 947 4389 C.
976 4335 1006 4390 0.
1025 4335 1133 4398 Miiller,
1160 4335 1198 4389 lrl.
1226 4335 1338 4389 Schrift.
