3336 5314
767 477 809 544 25

225 681 330 746 autem
352 680 474 746 adfecta
496 683 559 747 iam
582 700 676 765 prope
699 683 816 748 aestate
840 684 1006 748 commissa
1030 702 1096 750 csse
1112 682 1244 750 videtur.
1281 683 1347 748 Na·

224 784 342 866 rigatio
374 804 411 849 ex
433 783 541 850 Cilicia
563 785 699 863 Samum,
732 785 904 852 devastatio
927 785 1007 852 Naxi
1038 787 1170 865 insulae,
1201 805 1280 870 quae
1314 787 1353 853 ab

225 883 336 950 incolis
358 885 481 951 deserta
502 887 577 966 erat,
593 887 718 954 Datidis
741 906 882 954 accessus
901 888 940 954 ad
956 887 1081 968 Delum,
1105 889 1244 980 Eretriae
1261 907 1352 954 occu·

225 987 319 1067 patio,
347 1006 447 1070 quam
478 990 609 1072 septimo
641 989 691 1055 die
722 990 840 1055 factam
867 1009 933 1056 esse
956 990 1132 1056 Herodotus
1156 990 1290 1056 testatur
1311 1029 1353 1042 -

225 1107 286 1154 nou
316 1091 440 1155 tantum
470 1093 617 1175 temporis
648 1093 785 1176 spatium
815 1093 1022 1175 requirebant.
1077 1094 1216 1176 Apparet
1246 1093 1352 1178 igitur,
1386 1150 1389 1156 ,

224 1190 258 1254 id
279 1192 360 1274 qnod
383 1212 419 1257 ex
442 1213 475 1258 se
489 1194 692 1278 intellegitur,
716 1195 829 1260 Persas
844 1195 940 1260 etiam
962 1195 1039 1272 alias
1053 1193 1204 1278 Cycladas
1228 1195 1353 1262 obiisse.

224 1295 399 1362 Herodotus
421 1297 487 1378 ipse
510 1298 568 1364 hoc
591 1283 717 1380 probat‘:
745 1317 818 1364 nam
840 1300 911 1380 post
934 1297 1015 1364 Naxi
1038 1297 1285 1363 devastationem
1308 1298 1353 1364 Vl

224 1397 267 1461 96
289 1399 398 1464 scribit
426 1389 549 1480 ,ποιῠτα
572 1401 606 1464 δὲ
629 1401 818 1486 ποιήσαντες
848 1401 901 1466 ἐπὶ
931 1403 987 1477 τὰς
1019 1399 1121 1478 ἄλλοις
1143 1401 1258 1486 νήσους
1280 1401 1353 1466 άνοὶ·

224 1507 352 1584 γοντο“,
377 1504 541 1585 praecipue
564 1505 669 1568 autem
691 1503 736 1568 Vl
760 1505 811 1581 99,
834 1503 894 1568 etsi
915 1505 982 1586 ipse
1005 1523 1100 1587 snpra
1122 1503 1210 1582 dixit,
1241 1503 1352 1570 Perses

225 1623 261 1668 ex
284 1604 362 1669 Delo
393 1607 501 1670 statim
535 1606 692 1670 Eretriam
722 1606 875 1688 profectos
899 1625 975 1684 esse,
1007 1606 1208 1672 nihilominus
1240 1607 1352 1676 adicit:

219 1705 254 1768 οἱ
276 1706 311 1769 δὲ
332 1706 480 1794 ’βάρβαροι
512 1708 553 1785 ὡς
586 1709 739 1794 ἀπήειραν
773 1709 812 1772 ἐκ
842 1718 900 1794 τῆς
922 1708 1042 1794 Δήλου,
1076 1717 1250 1794 προσῖσχον
1280 1711 1354 1794 πρὸς

226 1808 281 1884 τάς
302 1807 428 1892 νήσους,
463 1809 611 1875 ἐνθεῦτεν
634 1811 668 1876 δὲ
701 1811 851 1896 στρατιήν
874 1833 909 1876 τε
931 1810 1172 1897 παρελάμβανον
1195 1813 1250 1874 καὶ
1273 1811 1353 1896 ὁμή-

226 1929 295 1992 ρους
317 1917 380 1973 τῶν
402 1911 577 1996 νησιωτέων
611 1912 728 1988 παῖδας
759 1912 947 2000 ἐλάμβανον.
996 1912 1037 1988 ὡς
1070 1912 1103 1976 δὲ
1119 1965 1121 1972 ι
1135 1912 1354 1997 περιπλέοντες
1491 1939 1494 1944 ’

225 2012 282 2086 τάς
304 2011 418 2096 νήσους
440 2013 617 2099 προσέσχον
640 2017 694 2078 καὶ
716 2015 749 2090 ἐς
771 2014 938 2099 Κάρυστον
960 2017 1041 2080 etc.“
1085 2015 1148 2082 Res
1177 2015 1251 2081 illac
1282 2033 1354 2080 sane

225 2118 400 2198 repugnant
413 2111 573 2182 ‘Herodoti
595 2118 777 2196 narrationi,
806 2137 900 2200 quam
931 2137 1024 2202 supra
1050 2117 1154 2197 attuli,
1187 2117 1242 2184 sed
1275 2117 1353 2182 haec

225 2215 387 2282 diversitas
420 2218 512 2284 facile
548 2219 695 2301 explicari
731 2219 846 2302 potest.
900 2219 1024 2284 Naxum
1055 2219 1144 2284 illam
1174 2219 1354 2286 Herodotus

225 2321 342 2399 attulit,
375 2322 448 2404 quia
471 2321 563 2387 Narii
585 2321 690 2388 Persis
713 2341 774 2387 non
797 2323 936 2388 obsecuti
970 2324 1057 2388 erant
1087 2323 1217 2406 ideoque
1239 2323 1354 2389 Persae

149 2459 159 2474 ι
223 2423 359 2489 insulam
381 2426 596 2503 vastaverant3
620 2426 692 2492 Deli
713 2427 818 2492 antem
839 2425 1033 2492 Herodotum
1055 2427 1131 2492 satis
1153 2427 1246 2511 longe
1269 2445 1354 2492 ccm-

224 2525 380 2590 moratum
412 2545 479 2592 osse
511 2527 713 2610 aDeliisque
744 2527 866 2594 fabulas
896 2528 969 2594 illas
1001 2528 1167 2610 accepisse,
1198 2527 1354 2594 Schoeffer

224 2627 291 2692 inre
313 2626 419 2694 docuit
429 2627 465 2712 ¹).
503 2629 548 2692 De
571 2629 698 2712 reliquis
717 2628 903 2712 Cycladibus
925 2629 1004 2699 nihil
1027 2630 1105 2696 certi
1119 2629 1254 2696 habebat
1269 2647 1354 2694 com-

225 2729 358 2811 pertum,
381 2749 453 2814 orgo
477 2749 528 2794 eas
550 2731 613 2796 fere
635 2732 781 2816 neglexit.
825 2732 911 2798 Inter
933 2733 1051 2798 ceteras
1074 2733 1179 2798 autem
1203 2731 1354 2816 Cycladas

226 2830 340 2896 Persae
362 2832 437 2914 quin
460 2831 556 2898 Coum
578 2833 713 2898 insulam
739 2833 873 2898 obierint
904 2833 1041 2898 dubitari
1072 2853 1132 2898 uon
1163 2835 1284 2916 potest:
1317 2853 1355 2899 er

226 2933 304 2999 Delo
327 2936 410 3000 enim
432 2936 535 3002 insula
557 2936 710 3002 Eretriam
733 2936 863 3020 profecti
886 2935 983 3002 Coum
1005 2936 1208 3019 praeterirent
1230 2955 1354 3002 necesse

225 3039 301 3104 crat.
346 3039 426 3104 Sane
449 3039 552 3104 insula
574 3039 736 3106 devastata
758 3058 819 3106 non
841 3041 899 3120 est,
922 3059 993 3105 nam
1010 3039 1063 3106 Coi
1085 3040 1151 3106 sinc
1167 3039 1260 3106 dubio
1276 3039 1355 3104 Per·

226 3142 279 3222 sis,
303 3142 448 3208 similiter
470 3144 563 3226 atquc
584 3143 737 3226 plurimae
753 3143 911 3228 Cyclades,
935 3145 1050 3210 terram
1073 3146 1105 3210 et
1127 3163 1238 3227 aquam
1261 3143 1354 3216 dede-

224 3248 313 3310 rant:
344 3246 426 3328 quod
458 3246 603 3330 colligere
625 3266 789 3328 possumus
822 3267 857 3312 ex
885 3266 929 3324 eo,
965 3245 1047 3330 quod
1077 3265 1175 3330 neque
1197 3246 1354 3312 Herodoto

225 3347 393 3429 quidquam
417 3347 483 3414 erat
505 3349 673 3431 cognitum,
705 3366 803 3430 neque
834 3349 901 3412 ulla
932 3348 1121 3414 calamitatis
1153 3348 1301 3414 memoria
1321 3347 1353 3412 in

225 3449 328 3514 insula
359 3448 418 3515 Ceo
449 3450 629 3532 permansit.
683 3449 817 3532 Reliqua
849 3449 1001 3514 secundae
1032 3449 1119 3514 illins
1151 3449 1353 3534 expeditionis

225 3553 292 3618 fata
313 3554 393 3619 nibil
414 3555 455 3620 ad
476 3553 610 3620 insulam
634 3552 727 3620 Ceum
751 3554 916 3636 pertinent.
1270 3551 1276 3562 '

327 3656 405 3724 Post
425 3675 564 3742 pugnam
585 3657 815 3739 Marathoniam
838 3659 1017 3724 Miltiadem
1048 3676 1119 3724 oum
1150 3656 1193 3722 70
1224 3657 1353 3724 naribus

225 3759 341 3825 Parum
371 3761 507 3826 insulam
537 3779 732 3844 oppugnasse
754 3761 923 3844 constat²l.
968 3761 1111 3844 Ephorus
1142 3762 1247 3826 autem
1277 3761 1353 3827 Mil-

224 3861 340 3928 tiadem
363 3863 427 3928 iam
449 3864 541 3928 antea
562 3865 682 3929 insulas
705 3863 818 3929 obiisse
842 3863 932 3932 docet
942 3863 978 3946 ³).
1023 3864 1070 3928 De
1102 3883 1134 3929 re
1166 3864 1235 3948 ipsa
1261 3864 1353 3929 dubi·

328 4049 354 4117 1)
374 4049 525 4114 Schoellea
543 4050 586 4104 De
604 4050 668 4104 Deli
685 4051 737 4104 ins.
758 4051 818 4104 reb.
835 4065 861 4118 p.
881 4051 915 4104 24
934 4065 975 4118 sq.

328 4133 355 4204 2)
376 4135 409 4190 cf.
427 4135 492 4188 Her.
511 4135 548 4188 Vl
567 4135 618 4189 132
635 4149 677 4202 sq.

329 4223 356 4289 3)
375 4223 409 4276 cf.
428 4221 524 4290 Steph
552 4222 621 4290 Byn.
649 4237 671 4276 s.
689 4236 716 4275 ν.
745 4218 853 4290 Πάρος·
874 4225 903 4287 „o
922 4221 953 4274 δὲ
972 4219 1115 4292 Μιλτιάδης
1129 4227 1180 4276 τῶν
1198 4224 1248 4287 μὲν
1266 4221 1353 4276 ἄλλων

225 4306 309 4375 νήσων
336 4308 408 4366 τινὰς
432 4307 580 4372 ἀποβάσεις
603 4308 781 4376 ποιησάμενος
812 4308 956 4378 ἐπόρθησε,
983 4304 1072 4376 Πάρον
1099 4309 1129 4360 δὲ
1157 4311 1209 4364 etc.
1247 4307 1352 4376 Nepos,

224 4390 293 4446 Milt.
312 4393 327 4446 7
346 4393 432 4448 etiam
449 4393 595 4462 Ephorum
614 4394 658 4448 est
675 4395 798 4458 secutus,
817 4393 868 4448 sed
885 4407 946 4448 rem
963 4395 994 4448 in
1010 4395 1102 4450 maim
1120 4394 1231 4448 extulit.
