3336 5314
871 495 914 560 30

330 703 396 769 tem
420 703 663 770 Themistoclem
694 703 732 768 ab
763 703 901 769 Aristide
932 703 1098 786 accepisse,
1130 701 1288 768 Salamina
1310 721 1329 768 a
1350 700 1455 767 Persis

332 807 468 872 cinctam
491 824 576 874 esse:
600 805 755 872 Aristides
778 808 883 872 autem
907 825 944 870 ex
958 805 1081 889 Aegina
1101 792 1302 885 uenit'neque
1324 803 1362 868 de
1377 802 1456 869 freto

331 906 502 973 Salaminio
525 907 694 990 quidquam
715 907 852 973 hahebat
874 908 1076 990 compertum,
1098 905 1133 986 6)
1155 905 1284 970 minime
1305 904 1455 970 traditum

330 1010 388 1088 est,
420 1009 532 1100 Boreas
567 1009 599 1074 in
633 1007 821 1076 Graecorum
853 1010 953 1076 latera
984 1009 1034 1075 vel
1066 1010 1155 1092 terga
1186 1008 1356 1073 invasisse:
1384 1025 1455 1090 ergo

331 1111 445 1177 Persae
479 1111 614 1180 Graecos
648 1113 679 1177 in
711 1112 789 1177 freto
812 1131 873 1178 non
896 1113 1052 1178 cinxerant
1063 1111 1098 1195 ¹),
1137 1110 1170 1194 7)
1194 1109 1342 1193 Aeschyli
1363 1109 1457 1176 uerba

206 1257 208 1262 -
332 1215 374 1296 (ν.
397 1213 461 1278 398
484 1221 544 1297 sq.)
577 1214 662 1290 θοῶς
696 1214 730 1278 δὲ
761 1213 876 1290 πάντες
909 1216 991 1299 ἦσαν
1024 1213 1171 1298 ἐκφανεῖς
1194 1212 1280 1295 ἰδεῖν,
1293 1213 1456 1295 'atque-eh

330 1313 429 1394 δεξιὸν
463 1317 519 1402 μὲν
541 1323 664 1401 πρῶτον
687 1316 846 1394 εὐτάκτως
868 1315 963 1400 κέρας
985 1316 1096 1401 ἡγεῖτο
1119 1314 1241 1400 κόσμῳ,
1267 1313 1408 1398 δεύτερον
1431 1313 1458 1378 δ’

330 1418 431 1494 dnae
455 1418 566 1496 στόλος
588 1417 777 1504 ἐπεξεχώρει
800 1422 859 1484 etc.
882 1419 1030 1502 explicari
1061 1435 1121 1483 non
1144 1418 1282 1500 possunt,
1306 1417 1333 1482 si
1355 1417 1458 1482 Grotii

331 1519 518 1587 sententiam
550 1521 735 1602 probamus,
773 1521 808 1604 8)
841 1521 1065 1589 Themistocles
1099 1521 1216 1604 optime
1251 1521 1455 1603 perspexerat,

332 1623 468 1692 Graecos
490 1626 651 1691 uictoriam
685 1627 831 1710 consequi
864 1645 926 1692 oon
957 1645 1047 1710 posse
1081 1623 1142 1691 nisi
1171 1624 1292 1707 inipso
1315 1623 1457 1688 fretiin-

332 1728 448 1794 troitu:
473 1729 600 1812 propter
622 1729 695 1794 freti
717 1731 799 1795 enim
823 1729 983 1813 angustias
999 1729 1114 1794 Persae
1137 1727 1241 1810 copias
1265 1745 1336 1792 suae
1360 1727 1457 1809 expli-

331 1848 400 1896 care
423 1848 483 1895 nen
508 1833 660 1914 poterant,
684 1831 718 1916 9)
741 1832 837 1898 verba
859 1832 1007 1916 Aeschyli
1030 1835 1074 1912 (v.
1090 1829 1154 1894 413
1171 1829 1230 1912 sq.)
1254 1827 1295 1905 ὡς
1317 1829 1352 1892 δὲ
1374 1828 1456 1914 niq-

332 1931 391 2008 θος
413 1931 446 1996 ἐν
470 1939 568 2016 στενῷ
591 1940 668 1998 νεῶν
691 1932 848 2018 ἤθροιστ’,
871 1935 929 2000 eto.
944 1935 985 1999 'et
1008 1932 1135 1998 Diodori
1158 1931 1216 2016 (XI
1243 1931 1291 2010 18,
1314 1931 1348 2015 4)
1371 1929 1399 1994 οἱ
1422 1931 1456 2000 δὲ

332 2031 451 2117 Πέρσαι
474 2036 509 2098 τὸ
533 2034 589 2119 μὲν
611 2042 733 2119 πρῶτον
756 2034 904 2112 πλέοντες
937 2033 1098 2120 διετήρουν
1120 2034 1179 2118 τήν
1201 2032 1300 2116 τάξιν,
1326 2034 1457 2118 ἔχοντες

330 2135 454 2221 πολλὴν
477 2136 689 2222 εὐρυχωρίαν·
715 2136 806 2214 ὡς“δ’
829 2139 871 2213 εἰς
896 2140 931 2202 τὸ
955 2139 1064 2202 στενὸν
1086 2136 1203 2222 ἦλθον,
1236 2135 1457 2220 ἠναγκάζοντο

332 2245 394 2302 τῶν
417 2245 494 2302 νεῶν
517 2259 602 2314 τινας
624 2239 686 2302 ἀπὸ
710 2246 767 2323 τῆς
791 2237 907 2316 τάξεως
940 2240 1100 2322 ἀποσπᾶν,
1124 2239 1180 2302 καὶ
1212 2237 1311 2302 πολὺν
1333 2236 1457 2303 ἐποίουν

331 2339 479 2426 θόρυβον,
504 2341 639 2406 dilucide
662 2341 781 2420 docent,
806 2342 917 2408 Persas
940 2344 1012 2408 ante
1043 2359 1181 2426 pugnam
1203 2345 1235 2406 in
1258 2341 1372 2406 fretum
1395 2359 1456 2406 non

332 2460 399 2507 csse
413 2442 580 2524 ingressos.
605 2442 665 2508 Sed
681 2443 751 2508 uolo
767 2443 952 2510 documenta
972 2444 1028 2509 illa
1051 2443 1227 2509 cumulare:
1252 2461 1288 2508 ex
1310 2443 1349 2508 iis
1364 2442 1456 2522 enim,

332 2561 411 2626 quae
443 2544 544 2623 attuli,
567 2545 636 2611 luce
668 2545 782 2610 elarius
814 2547 953 2630 apparet,
976 2545 1077 2613 Grotii
1115 2545 1301 2612 senteutiam
1325 2543 1458 2609 falsissi-

334 2664 419 2712 mam
442 2665 518 2712 esse.

438 2749 598 2816 Sententia
637 2751 853 2818 Broendstedii
864 2752 899 2837 ²),
946 2753 999 2836 qui
1039 2751 1116 2818 Ceos
1148 2753 1243 2818 etiam
1282 2749 1458 2816 Plataeensi

333 2872 437 2936 pugna
458 2853 636 2920 interfuisse
659 2853 811 2935 perhibet,
842 2875 880 2922 ne
913 2855 1008 2940 digna
1039 2854 1163 2938 quidem
1196 2855 1253 2934 est,
1285 2872 1376 2937 qnam
1410 2871 1458 2918 re-

333 2955 450 3022 sellam.

436 3059 534 3125 Bellis
557 3059 723 3126 Persarum
745 3061 877 3144 denique
899 3061 1049 3127 confectis
1071 3059 1125 3128 Cei
1143 3079 1203 3126 non
1222 3060 1323 3126 solum
1344 3057 1459 3142 tripodi

333 3161 382 3226 illi
404 3161 591 3245 Delphico³t
614 3163 757 3246 inscripti
789 3167 870 3242 sunt,
904 3163 958 3229 sed
989 3163 1084 3230 etiam
1115 3163 1183 3229 basi
1214 3164 1336 3229 statuae
1359 3162 1457 3238 louis,

335 3282 430 3346 quam
453 3263 563 3330 Graeci
586 3264 749 3350 Olympiae
771 3265 1000 3333 dedicaverunt.
1012 3266 1037 3344 ⁴)

436 3367 483 3432 De
505 3367 544 3434 V.
567 3387 595 3434 a.
619 3368 689 3434 Chr.
712 3389 742 3435 n.
766 3370 889 3436 saeculo
908 3369 991 3436 haud
1009 3369 1055 3435 ita
1072 3369 1207 3434 multum
1228 3369 1382 3452 reliquum
1401 3369 1457 3447 est,

333 3470 415 3552 quod
437 3489 570 3538 narrem.
615 3471 691 3539 Ceos
715 3474 858 3540 societati
881 3473 1152 3540 Deliaco-Atticae
1174 3473 1284 3540 statim
1302 3492 1335 3538 ee
1358 3471 1459 3556 appli-

333 3592 420 3640 casse
444 3593 504 3640 ncn
526 3576 677 3658 estquod
700 3595 853 3644 moneam.
898 3576 1063 3644 Societatis
1085 3577 1171 3642 illius
1188 3595 1238 3642 res
1256 3575 1459 3658 institutaque

334 3694 406 3742 cnm
428 3677 491 3742 sint
514 3679 676 3746 notissima
698 3699 797 3764 neque
819 3681 870 3746 hic
892 3680 979 3746 loeus
1002 3680 1044 3746 sit
1066 3698 1102 3746 ee
1120 3679 1260 3764 pluribus
1282 3678 1459 3756 retractare,

438 3975 463 4044 1)
499 3978 540 4032 Ea
557 3979 619 4046 ipsa
636 3979 670 4032 de
689 3991 775 4032 causa
803 3978 888 4032 etiam
910 3977 1043 4046 holllngii
1070 3978 1235 4034 coniectura
1261 3979 1376 4046 probari
1402 3992 1460 4033 uon

337 4061 464 4216 pomth)
502 4149 535 4202 cf.
553 4148 732 4208 Broendsted
749 4149 767 4203 l.
786 4149 804 4204 l.
822 4163 848 4218 p.
868 4150 903 4204 74
918 4151 946 4204 et
965 4150 1015 4204 106
1033 4164 1074 4218 sq.

438 4230 464 4298 3)
501 4232 626 4288 'iltulum
640 4235 723 4288 ‘illum
741 4235 833 4290 denuo
852 4236 1065 4291 accuratissime
1084 4235 1238 4303 exscripsit
1260 4237 1346 4302 atque
1373 4234 1461 4289 edidit

334 4316 490 4382 Fabricius,
510 4319 606 4376 Jahrb.
625 4321 650 4375 d.
669 4321 745 4376 arch.
763 4323 829 4378 lust.
848 4323 860 4376 Ι
879 4321 967 4392 (leae)
985 4337 1012 4392 p.
1032 4323 1082 4378 lld
1099 4337 1140 4391 sq.
1161 4323 1194 4378 cf.
1213 4337 1240 4377 n.
1260 4321 1318 4376 135.

438 4402 465 4471 4)
504 4404 537 4460 cf.
556 4404 620 4460 Her.
639 4406 679 4460 lX
696 4407 747 4472 81;
765 4407 848 4462 Pauo.
868 4408 893 4462 V
910 4409 952 4463 23.
