3322 5302
865 451 909 516 ee
952 407 955 411 ,

322 673 400 731 esse,
424 654 493 735 quis
516 655 563 719 est
585 654 659 736 quin
683 653 770 720 soiat.
815 654 888 720 Jern
909 663 982 718 ve'ro
1004 653 1062 719 hoe
1084 654 1258 718 monuerim
1288 653 1321 718 in
1345 653 1451 738 εἰσαγ-

322 754 431 840 γελίας
453 755 626 822 actionibus
647 755 873 821 thesmuthetss
904 755 1042 820 iudioum
1072 755 1201 820 oonsilio
1224 754 1395 838 praefuisse
1406 754 1450 840 ¹);

324 857 379 924 sed
401 858 496 924 etiem
518 859 550 923 in
578 859 649 924 aliis
680 859 846 943 permultis
877 859 1051 924 actionibus
1083 856 1283 942 θεσμοθέται
1312 857 1452 923 indicum

326 961 464 1028 consiliis
486 961 695 1046 praeerunt2).
739 962 1028 1026 Thesmotheturum
1050 979 1123 1044 ergo
1145 961 1211 1026 erat
1242 959 1379 1045 εἰσάγειν
1410 961 1453 1037 είς

324 1066 360 1128 τὸ
382 1063 595 1149 δικαστήριον,
621 1065 703 1146 quod
725 1065 769 1128 ibi
792 1064 830 1128 de
851 1063 1156 1146 thesmophylaoibus
1175 1062 1299 1128 dieitur,
1343 1061 1404 1128 Sed
1419 1063 1452 1128 in

323 1167 427 1232 insula
449 1168 510 1234 Oso
533 1184 603 1230 oum
625 1165 721 1231 verbs
743 1164 941 1249 εἰσαγγελία,
965 1163 1089 1242 ἔνδειξις
1111 1167 1170 1230 eto.
1192 1165 1366 1248 promiscue
1386 1164 1453 1230 sint

324 1271 482 1351 usurpate,
506 1289 532 1334 e.
554 1288 586 1353 g.
610 1268 749 1334 adferam
769 1269 881 1352 legem,
904 1287 982 1350 quse
1004 1269 1105 1332 exstat
1126 1269 1158 1331 in
1181 1267 1344 1333 Demosth.
1375 1268 1452 1332 orat.

324 1373 357 1438 in
380 1373 512 1438 Timoor.
536 1373 554 1456 ξ
577 1371 619 1435 20
642 1391 698 1454 ομ,
721 1372 776 1436 ubi
807 1377 825 1449 ᾖ
849 1370 891 1433 22
922 1371 998 1436 haee
1027 1371 1181 1454 legimus:
1213 1369 1350 1454 ὀφείλειν
1380 1371 1452 1445 τοὺς

325 1475 427 1550 δεῖνας
448 1473 554 1560 χιλίας
576 1475 721 1558 δραχμὰς
743 1473 825 1557 ἱεράς
848 1482 887 1556 τῇ
910 1471 1065 1558 Ἀθηνᾷ.
1087 1521 1094 1536 .
1117 1521 1124 1537 .
1145 1521 1153 1537 .
1172 1475 1228 1536 καί
1249 1470 1374 1549 ἔνδειξις
1395 1472 1450 1534 αὐ-

326 1586 388 1642 τῶν
411 1579 494 1641 έστω
515 1579 591 1660 πρὸς
613 1579 685 1652 τοὺς
706 1573 936 1660 θεσμοθέτας.
957 1622 965 1638 .
986 1623 993 1638 .
1015 1623 1022 1638 .
1042 1575 1070 1638 οἱ
1101 1575 1135 1639 δὲ
1158 1573 1359 1660 θεσμοθέται
1381 1577 1452 1649 τοὺς

327 1679 549 1764 ἐνδειχθέντας
570 1679 761 1763 εἰσαγόντων
783 1679 826 1754 είς
848 1681 884 1742 τὸ
910 1679 1112 1764 δικαστήριον
1143 1679 1230 1742 κατά
1260 1681 1314 1742 τὸν
1345 1677 1449 1763 νόμον.

327 1781 412 1862 Quae
435 1784 489 1865 qui
511 1801 582 1847 oum
612 1783 669 1847 ille
699 1783 769 1862 lege
791 1781 1025 1864 comparaverit,
1056 1799 1181 1847 neeesse
1213 1782 1261 1846 est
1291 1781 1450 1856 oonoedet,

326 1886 615 1969 thesmophylneum
631 1888 722 1968 atque
739 1885 1018 1950 thermothetemm
1033 1903 1164 1950 munere
1178 1884 1452 1950 simillimsfuisse.

326 1989 491 2054 Praeterea
512 1991 607 2054 etiarn
629 1989 755 2054 nomina
777 2008 883 2066 eorum
904 1989 986 2054 inter
1016 2008 1049 2054 se
1072 1990 1245 2072 congruunt
1275 1987 1453 2072 (θεσμοφύ-

326 2092 425 2170 λακες
446 2095 478 2158 st
499 2091 712 2179 θεσμοθέται)
723 2093 760 2175 ⁸).
804 2093 886 2176 Ergo
917 2111 987 2156 mee
1018 2091 1145 2174 quidem
1176 2091 1330 2156 sententis
1351 2090 1453 2157 Julie·

325 2198 429 2262 turum
461 2195 708 2280 θεσμοφύλακες
738 2195 926 2277 respondent
947 2193 1187 2259 Atheniensium
1216 2193 1452 2268 thesmuthetis3

325 2300 432 2364 munia
467 2317 573 2365 eorum
608 2297 684 2363 haee
716 2298 811 2362 fuisse
848 2298 942 2379 puto:
975 2297 1112 2378 primum
1142 2297 1250 2380 legum
1280 2295 1453 2362 custodium

327 2387 589 2485 (irretitionis
610 2399 734 2485 νόμων),
767 2399 877 2464 deinde
908 2399 1069 2483 litigantes
1099 2399 1133 2463 in
1162 2399 1314 2463 iudicium
1345 2416 1453 2464 voeare

327 2503 478 2586 (εἰσάγειν
510 2503 552 2578 είς
583 2505 619 2565 τὸ
650 2501 875 2587 δικαστήριον),
911 2502 1042 2584 denique
1073 2501 1158 2566 haud
1189 2501 1282 2566 dubie
1312 2501 1346 2565 in
1377 2500 1454 2566 saus

326 2605 435 2672 multis
458 2605 632 2670 actionibus
654 2604 794 2670 iudicum
825 2605 963 2671 consiliis
994 2623 1147 2688 praeesse.
1192 2603 1254 2669 Sed
1283 2602 1452 2668 tenendum

327 2709 375 2774 eet
405 2706 571 2772 divinando
600 2707 676 2772 hese
707 2726 773 2772 esse
804 2707 939 2786 inventa,
972 2707 1048 2772 eerti
1078 2706 1157 2770 nihil
1187 2706 1252 2770 fere
1282 2704 1453 2782 traditum

326 2830 426 2892 neque
449 2811 579 2890 oonstet‚
603 2811 679 2893 quot
699 2811 814 2875 fuerint
836 2809 1093 2895 θεσμοφύλακες.

430 2914 590 2980 Postremo
612 2914 900 2980 commemorandus
922 2916 970 2979 est
991 2912 1298 2998 γυμνασίαρχος,
1333 2910 1371 2977 de
1394 2929 1453 2994 quo

326 3013 359 3078 in
374 3013 567 3079 Coresiorum
590 3017 640 3080 tit.
663 3036 693 3081 n.
710 3016 753 3080 66
775 3036 805 3082 ν.
828 3015 870 3078 21
894 3035 939 3098 sq.
962 3017 1038 3082 haee
1059 3016 1211 3100 legimus:
1236 3013 1397 3098 αἱρείσθω
1419 3011 1455 3075 δὲ

328 3117 384 3182 καί
405 3116 640 3204 γυμνασίαρχον
662 3120 729 3204 ἅμα
751 3128 820 3194 ταῖς
842 3119 955 3196 ἄλλαις
977 3119 1091 3206 ἀρχαῖς
1113 3120 1157 3204 μὴ
1191 3117 1340 3202 νεώτερον
1371 3115 1454 3200 τριά-

329 3243 427 3288 κοντα
442 3221 533 3286 ἐτῶν·
559 3231 670 3287 τοῦτον
685 3222 720 3286 δὲ
734 3233 834 3288 ποιεῖν
856 3223 1009 3310 λαμπάδα
1032 3231 1094 3288 τῶν
1116 3221 1273 3307 νεωτέρων
1295 3229 1336 3305 τῇ
1361 3219 1453 3304 ἑορτῇ

328 3327 384 3389 καί
405 3324 511 3389 τᾶλλα
532 3324 755 3409 ἐπιμελεῖσθαι
777 3328 818 3390 τά
843 3328 930 3390 κατὰ
960 3329 996 3390 τὸ
1027 3324 1211 3411 γυμνάσιον,
1245 3325 1300 3386 καί
1331 3320 1454 3406 ἐξάγειν

328 3429 371 3506 εἰς
385 3428 521 3516 μελέτην
544 3430 734 3515 ἀκοντισμοῦ
757 3433 813 3493 καί
835 3427 962 3515 τοξικῆς
984 3432 1040 3493 καί
1061 3425 1369 3510 καταταλταφεσίας
1391 3427 1455 3509 τρὶς

328 3541 383 3596 τοῦ
406 3531 567 3617 μηνός·δς
589 3530 615 3594 δ’
637 3534 682 3616 ἂμ
705 3535 749 3617 μή
772 3542 858 3616 παρῇ
883 3540 945 3597 τῶν
968 3531 1124 3616 νεωτέρων
1147 3530 1277 3605 δυνατὸς
1305 3529 1362 3612 ὢν,
1397 3527 1453 3591 κὺ-

328 3654 390 3718 ριος
421 3635 504 3698 ἔστω
535 3635 630 3698 αὐτὸν
656 3634 777 3719 ζημιῶν
808 3633 899 3720 μέχρι
930 3634 1086 3721 δραχμῆς.
1133 3632 1252 3713 Quibus
1284 3651 1321 3696 ox
1350 3631 1454 3697 verbis

329 3735 446 3818 optime
468 3735 696 3819 gymnasierohi
718 3755 831 3801 munus
847 3735 967 3802 definiri
981 3738 1094 3820 potest.
1129 3735 1206 3800 Erat
1219 3732 1455 3818 γυμνασίαρχος

433 3937 459 4007 1)
476 3937 593 3991 Aristet.
618 3932 709 4004 Ἀθην.
736 3935 794 3992 πολ.
812 3938 855 4002 59,
882 3939 916 4001 2;
942 3937 1089 3991 Demosth.
1116 3937 1147 3990 in
1174 3936 1294 3990 Timoor.
1314 3938 1330 4003 5
1348 3937 1399 4000 63;
1419 3933 1452 3988 oi

329 4022 717 4090 Meier·Sehiimenn·Lipsius,
735 4023 791 4077 Att.
810 4023 931 4077 Prooess
949 4037 974 4090 μ.
995 4024 1036 4076 77.

431 4108 458 4177 2)
478 4110 512 4164 ef.
530 4108 787 4163 Meter-Sohtmsmn
805 4109 823 4162 l.
841 4108 859 4162 l.
876 4123 903 4176 μ.
922 4109 1034 4162 72-81.

433 4195 459 4262 3)
477 4195 598 4249 Nomina
616 4209 714 4248 eorum
733 4195 853 4250 eontulit
866 4195 951 4248 etium
964 4193 1046 4248 Diod.
1061 4193 1148 4248 V67:
1169 4192 1214 4246 Διὸ
1231 4193 1272 4246 καὶ
1286 4193 1455 4261 θεσμοφύλα-

330 4297 380 4339 κας
404 4280 445 4331 καὶ
471 4280 642 4343 θεσμοθέτας
665 4281 841 4343 ὀνομάζεσθαι
867 4279 931 4340 τοὺς
954 4279 988 4332 τὰ
1013 4278 1075 4347 περὶ
1093 4278 1175 4338 θεοὺς
1189 4279 1248 4332 ὅσια
1265 4279 1308 4331 καί
1325 4278 1389 4339 τοὺς
1403 4283 1456 4331 τῶν

331 4365 478 4433 ἀνθρώπων
496 4365 593 4428 νόμους
608 4365 840 4431 διαφυλάττοντας.
