3322 5302
753 496 795 561 63

365 702 444 765 Teos
542 700 672 766 :tribus
738 699 850 784 πύργοι
1042 696 1210 783 συμμορίαι
1222 697 1246 780 ¹)

363 803 489 870 Rhodos
544 803 675 869 :tribus
741 802 1006 888 δᾶμοιοικτοῖνοιι
1045 800 1199 885 πάτροιῖ)

365 907 515 990 Calymne
545 907 676 972 :tribus
742 906 833 991 δᾶμοι
1048 902 1225 988 συγγένειαι
1238 902 1264 984 ⁸)

366 1014 460 1080 Delos
542 1014 674 1080 :tribus
740 1011 879 1096 τριττύες
1045 1009 1201 1092 phratrias
1214 1008 1241 1092 ⁴)

365 1117 465 1182 Tenos
543 1116 673 1182 :tribus
740 1112 823 1178 τόνοι
1041 1112 1197 1194 phratriae

365 1220 487 1284 Andros
540 1219 674 1284 :tribus
741 1216 850 1301 [pagi]
1041 1214 1208 1298 phratrias.

315 1408 377 1474 Sed
398 1409 475 1474 haee
497 1407 560 1472 alia
582 1405 744 1490 quaesti03
778 1424 833 1471 nos
864 1405 904 1469 ad
926 1403 1117 1487 propositum
1140 1403 1339 1468 revertamur.

211 1513 259 1577 Ao
282 1510 417 1576 deorum
439 1509 565 1592 quidem
587 1508 821 1592 discriptionem
845 1507 973 1572 eandem
991 1505 1087 1571 fuisse
1102 1505 1253 1580 existimo,
1276 1504 1340 1569 ie.

211 1614 430 1679 dividebantur
452 1629 522 1677 mea
545 1611 672 1694 quidem
689 1609 842 1676 sententia
863 1607 917 1674 cei
938 1607 1095 1687 intritus,
1117 1626 1225 1692 pagos,
1247 1606 1340 1688 phra-

212 1716 308 1782 trias:
348 1733 421 1798 ergo
451 1713 673 1798 topographioa
708 1713 739 1777 et
761 1711 920 1796 gentilicia
942 1711 1157 1794 discriptiones
1180 1711 1273 1776 etiam
1295 1709 1340 1774 ibi

214 1818 396 1884 ooniunstae
420 1816 517 1880 erent.
539 1815 587 1881 De
610 1815 753 1880 tribubus
776 1833 869 1898 supra
890 1814 1044 1892 vidimus;
1067 1814 1131 1878 iam
1153 1815 1269 1880 oeteras
1292 1813 1341 1878 di·

215 1921 349 1986 visiones
374 1918 594 1983 examinemus.

318 2038 419 2120 Suprn
435 2039 570 2105 vidimus
585 2037 796 2104 Halbherrum
811 2037 917 2112 οἴκους
935 2054 1006 2101 oum
1020 2034 1167 2117 gentibus
1182 2054 1340 2117 aequasse,

214 2142 270 2208 sed
293 2143 480 2208 senientiam
502 2143 591 2207 illam
612 2140 803 2224 probandam
838 2159 898 2206 non
932 2157 1009 2204 esse.
1053 2137 1206 2221 Equidem
1236 2139 1342 2214 οἴκους

214 2245 361 2328 phratriis
394 2244 589 2328 respondisse
620 2243 782 2310 contendo.
827 2241 934 2308 Olaorv
965 2242 1092 2308 nomine
1123 2241 1280 2308 Halbherr
1311 2241 1343 2306 iu

212 2347 314 2413 tribus
336 2347 438 2412 titulis
454 2346 523 2412 Cois
538 2347 627 2413 nobis
650 2347 772 2412 servata
793 2365 860 2412 esse
876 2346 983 2428 putat:
1008 2346 1082 2410 sunt
1103 2345 1185 2412 enim
1199 2343 1338 2426 Λεῶδιιι,

318 2655 343 2720 1)
359 2653 454 2722 πύργοι
481 2655 548 2708 sunt
573 2654 652 2708 urbis
679 2655 782 2722 partes,
811 2667 884 2719 quae
920 2653 956 2707 ad
982 2654 1109 2721 singulas
1135 2654 1214 2708 urbis
1249 2655 1343 2709 turres

215 2738 412 2806 pertinebant:
432 2737 465 2790 ol.
481 2737 623 2801 Sohefder,
641 2738 684 2791 De
701 2737 787 2790 rebus
806 2735 948 2800 Teiorum,
966 2738 1041 2804 Lips.
1060 2739 1136 2803 1882,
1153 2754 1179 2807 p.
1198 2739 1232 2792 38
1250 2753 1292 2806 sq.
1311 2767 1343 2778 -

217 2823 374 2890 συμμορίας,
394 2835 463 2888 quas
481 2823 537 2876 viri
555 2823 633 2878 doeti
650 2823 783 2890 gentibus
800 2821 902 2876 Attiois
929 2823 1111 2890 respondisse
1133 2825 1240 2891 putant,
1269 2825 1344 2892 equi·

221 2909 286 2962 dem
303 2909 398 2976 potius
417 2908 558 2976 phratrias
577 2910 666 2964 fuisse
685 2909 827 2964 existimo.
863 2908 906 2962 De
923 2909 1127 2976 topographioa
1154 2912 1182 2964 et
1200 2910 1346 2977 gentilisia

217 2993 433 3062 disorlptionum
452 2996 652 3051 ooniunotione
678 2997 711 3050 of.
739 2995 848 3059 Busolt,
875 2996 922 3049 Iw.
940 2995 1054 3050 Mlillers
1072 2995 1141 3050 lidb.
1160 2993 1198 3050 IV
1216 2997 1240 3059 1,
1267 3011 1293 3064 p.
1310 2996 1346 3051 24

219 3082 277 3134 not.
295 3080 331 3134 8:
352 3079 526 3148 „Mitglieder
543 3082 692 3138 desselben
708 3081 827 3136 'liurmes
846 3081 972 3136 konnten
991 3081 1052 3136 also
1070 3095 1106 3135 zu
1123 3081 1346 3136 versohiedonen

216 3166 397 3235 Symmorien
410 3168 544 3234 gehdren.
579 3169 777 3224 Andererseits
791 3169 917 3236 gshdren
930 3167 1088 3235 Mltglieder
1105 3168 1254 3222 desselben
1266 3167 1345 3237 Sym·

220 3253 312 3306 morie
330 3266 367 3305 nu
384 3252 607 3310 verschiedenen
625 3253 765 3310 'iilrmerm
778 3293 784 3306 .
795 3292 818 3306 ..
838 3254 896 3307 Das
914 3255 952 3307 ist
970 3268 1024 3306 nur
1040 3254 1164 3321 mdglieh
1196 3254 1242 3308 bei
1268 3255 1347 3308 einer

219 3335 373 3404 Kreunung
390 3339 602 3404 gentilicisoher
618 3339 677 3392 und
693 3339 883 3392 territorialer
899 3337 1085 3404 Eintellung.“

319 3439 346 3506 2)
365 3440 420 3493 Res
438 3441 486 3494 hio
504 3441 770 3502 controversissima
788 3441 840 3494 est.
860 3438 898 3493 Of.
913 3439 1136 3502 dissertationes
1150 3453 1219 3506 quas
1234 3453 1345 3494 enume-

222 3525 297 3579 ravit
315 3523 514 3590 Sohnmaoher,
541 3525 584 3579 Do
611 3525 718 3593 republ.
746 3525 929 3589 Rhodiorum,
958 3525 1082 3579 Heidelb.
1103 3523 1170 3578 1886
1188 3538 1214 3591 p.
1234 3525 1283 3589 13;
1312 3525 1346 3580 of.

219 3611 369 3680 praeterea
395 3612 532 3678 p.12sq.
562 3613 591 3665 et
618 3626 644 3679 p.
663 3612 698 3665 80
716 3625 757 3679 sq.
793 3610 833 3664 cf.
861 3612 945 3666 etiarn
972 3611 1043 3678 Aug.
1071 3609 1236 3675 Mommsen,
1264 3609 1346 3665 Burs.

218 3697 284 3752 dhb.
302 3697 337 3750 80
356 3695 444 3765 (1889)
463 3712 489 3765 p.
501 3697 554 3751 421
568 3710 609 3764 sq.
622 3697 760 3765 Equidem
773 3697 889 3752 otoenas
900 3698 981 3764 pagis
995 3696 1176 3764 respondisse
1189 3696 1347 3760 oontendo;

219 3785 330 3838 atvero
346 3783 433 3837 etiam
446 3782 548 3846 οάμους
559 3797 648 3850 pagos
662 3784 752 3838 fuisse
766 3785 823 3838 viri
836 3784 912 3838 doeti
925 3783 1099 3838 docuerunt:
1118 3784 1193 3850 quod
1206 3783 1347 3850 quomodo

220 3868 450 3935 eonirmgendum
478 3869 515 3922 sit
541 3869 652 3936 ignoro.
673 3897 705 3906 —
724 3868 821 3936 Neque
849 3869 968 3932 oonstat,
996 3871 1094 3936 πάτροι
1121 3870 1263 3936 quomodo
1291 3870 1349 3924 sint

222 3954 416 4023 explicandae.
452 3954 513 4008 Viri
530 3955 607 4008 dooti
624 3955 730 4022 πάτρος
753 3956 853 4022 gentes
871 3955 960 4010 fuisse
978 3957 1167 4024 suspieentur,
1195 3957 1245 4010 sed
1273 3956 1348 4024 equi-

220 4042 285 4096 dem
304 4055 353 4095 eas
373 4041 456 4094 eitius
474 4040 607 4108 phratrlis
634 4041 816 4109 respondisse
844 4042 1022 4096 oouleeerim.
1058 4041 1197 4108 Ceterum,
1225 4056 1349 4111 quoquo-

219 4127 304 4182 modo
322 4141 369 4181 res
387 4125 530 4190 sehabet,
548 4127 616 4194 quin
634 4127 754 4182 ullarum
778 4127 927 4182 civitatum
945 4127 1175 4196 disoriptionlbus
1194 4129 1347 4196 gentilieiis

225 4213 432 4282 responderint,
452 4211 575 4266 dubitari
592 4226 650 4266 non
667 4213 769 4280 potest.

323 4317 350 4384 3)
368 4316 411 4371 De
429 4313 640 4383 Calymniorum
656 4316 820 4386 συγγενείαις
836 4315 869 4371 ol.
889 4329 962 4384 quae
980 4331 1066 4385 supra
1083 4317 1155 4385 udo
1166 4318 1347 4385 sqexposni.

325 4416 353 4484 4)
374 4418 527 4483 Schneider,
546 4418 589 4474 De
606 4419 670 4472 Deli
688 4419 741 4474 ins.
761 4419 819 4474 reb.
837 4433 863 4487 p.
883 4419 933 4474 109
952 4433 993 4486 sq.
