3322 5302
745 489 789 553 97

666 580 871 590 m

205 692 261 757 ille
285 700 389 776 (quem
413 695 446 758 in
469 695 611 760 omnibns
635 694 690 762 Cei
711 697 832 762 insulae
857 696 985 762 urbibus
1006 696 1101 762 fnisse
1131 697 1332 764 manifestum

206 795 269 875 ost)
292 797 373 862 sion
393 799 426 861 in
441 797 594 880 plerisque
610 799 790 865 civitatibus
805 797 932 866 Graecis
943 797 968 883 ¹)
983 799 1186 884 magistratus
1201 820 1331 881 annuus,

206 897 260 980 qui
281 917 344 964 una
365 918 436 964 oum
458 899 529 964 aliis
551 901 785 982 magistratibus
815 903 849 966 in
880 899 1097 968 anniversariis
1120 901 1332 988 ἀρχαιρεσίαις

205 1002 312 1084 populi
334 1002 488 1086 suffragiis
510 1005 689 1082 creabatur3
712 1004 947 1091 γυμνασίαρχος
968 1005 1098 1089 triginta
1119 1006 1209 1071 annis
1229 1007 1332 1072 minor

206 1122 356 1170 essenon
379 1107 509 1186 poterat.
554 1105 817 1189 Gymnasiarehus
838 1107 893 1172 illo
916 1126 977 1172 non
1008 1108 1110 1172 solum
1140 1109 1222 1174 serto
1253 1127 1331 1190 quo-

205 1208 276 1273 dem
299 1208 349 1274 dio
371 1209 450 1274 festo
466 1209 618 1294 λαμπάδα
633 1217 695 1274 τῶν
711 1209 868 1294 νεωτέρων
884 1210 985 1276 faeere
1001 1211 1143 1289 debebat,
1166 1211 1332 1278 sedetiam

206 1329 359 1376 summam
396 1332 500 1378 rerum
536 1314 802 1396 gymnastioarum
839 1332 945 1378 suram
980 1313 1132 1391 habebat3
1171 1315 1332 1396 praeterea

169 1403 172 1409 ’
205 1414 309 1478 eutem
332 1415 380 1480 ter
401 1416 432 1480 in
456 1415 614 1481 mensibus
635 1416 762 1482 invenes
785 1435 941 1482 armornm
956 1435 1047 1480 usum
1063 1415 1171 1480 dooere
1187 1415 1328 1482 debebat.

204 1521 371 1584 Armorum
394 1537 428 1584 eo
450 1517 519 1583 looo
550 1519 612 1583 tria
642 1537 755 1602 genera
776 1518 1018 1602 distinguuntur,
1046 1517 1202 1601 ἀκόντιον,
1227 1517 1328 1604 τόξον,

205 1619 463 1706 serenatione).
507 1621 544 1684 In
566 1616 668 1686 titulis
691 1620 808 1686 Atticis
823 1619 1035 1704 Samiisquo⁸)
1057 1621 1179 1704 praeter
1199 1621 1260 1686 tria
1273 1622 1331 1686 illa

204 1742 317 1808 genera
347 1723 444 1788 etiem
478 1721 662 1807 ὁπλομαχία
699 1725 976 1802 commemoratum
1006 1724 1234 1808 'Dittsnberger
1271 1725 1331 1808 (De

205 1827 331 1910 ephebis
354 1827 471 1891 Attiois
493 1846 524 1909 p.
547 1826 603 1909 55)
635 1828 732 1892 otiam
763 1827 796 1891 in
829 1827 933 1894 insula
955 1827 1015 1894 Ceo
1046 1827 1103 1892 illa
1132 1827 1330 1910 potissimum

206 1930 350 2011 quattuor
371 1949 485 2013 genera
507 1929 539 1994 in
562 1948 622 1994 usu
642 1930 739 1996 fuisse
762 1931 861 2013 putat,
888 1931 970 2013 quod
992 1950 1030 1995 ax
1051 1931 1144 1995 t'tulo
1167 1950 1259 2013 quom
1281 1933 1330 1996 at·

203 2033 264 2098 tuli
286 2052 319 2098 se
342 2032 502 2116 collegisse
524 2031 697 2114 profitetur.
742 2031 861 2113 Quibus
893 2052 931 2098 ex
959 2034 1060 2098 verbis
1092 2053 1129 2098 sa
1160 2034 1329 2118 collegerit,

310 2320 335 2389 1)
355 2321 650 2390 [De'gymnasiarohis
669 2323 790 2390 egerunt
808 2323 942 2386 Dumont‚
960 2323 1043 2376 Essai
1065 2337 1115 2376 sur
1134 2321 1271 2389 l’ephebie
1288 2322 1331 2376 at·

205 2411 292 2476 tiqus,
302 2409 384 2466 Paris
404 2409 472 2463 1872
490 2409 502 2462 Ι
518 2425 544 2478 p.
563 2411 615 2462 220
633 2423 674 2478 sq.
694 2410 722 2463 et
740 2409 1011 2478 Grassbsrger,Ern.
1030 2422 1058 2463 u.
1073 2409 1178 2473 Under„
1197 2409 1248 2462 sed
1265 2409 1331 2463 libri

204 2495 245 2548 illi
262 2495 332 2548 mihi
349 2495 463 2561 praesto
482 2508 539 2548 non
557 2493 689 2563 fuerunt]
725 2495 758 2550 of.
777 2495 929 2562 Fougdres,
948 2495 1020 2548 Bull.
1040 2496 1074 2548 de
1098 2493 1175 2548 Corr.
1194 2495 1263 2548 Hell.
1278 2494 1331 2548 XV

205 2579 272 2633 1891
290 2593 316 2646 p.
334 2579 386 2633 269
406 2593 447 2646 sq.
465 2579 591 2633 Dumont
609 2581 743 2647 quattuor
761 2581 909 2648 distinguit
927 2581 1181 2648 gymnasiarohias
1211 2593 1330 2646 quarum

203 2666 295 2732 prima
312 2665 491 2732 secundaque
510 2666 546 2719 ad
562 2667 685 2720 insulam
702 2665 790 2720 Oeum
806 2681 865 2721 non
882 2667 1019 2734 spectant.
1054 2666 1164 2720 Deinde
1184 2680 1225 2729 „n
1244 2666 1273 2732 3)
1290 2666 1331 2720 La

205 2751 432 2819 gimnasiarohie
450 2751 589 2818 generale,
607 2752 809 2818 magistratum
828 2753 877 2806 des
892 2751 965 2819 Jeux
988 2751 1120 2806 conferte
1137 2765 1189 2818 par
1206 2764 1245 2804 un
1262 2751 1330 2804 vota

203 2838 358 2906 populariae,
378 2851 487 2892 oomme
505 2838 522 2891 t
540 2837 682 2892 Salamine
710 2837 748 2908 (O.
767 2838 792 2892 J.
811 2838 842 2891 A.
862 2835 973 2906 11594).
993 2866 1025 2874 —
1043 2838 1082 2890 Le
1108 2836 1329 2906 gymnasiarque

206 2926 250 2978 est
268 2924 378 2977 annual.
398 2952 430 2960 —
449 2939 475 2977 n.
493 2922 520 2991 4)
539 2923 579 2977 La
595 2921 825 2991 gymnasiaiehie
839 2923 1024 2987 direotoriale‚
1043 2922 1206 2990 equivalant
1221 2936 1257 2976 eu
1271 2935 1330 2975 oos-

204 3009 291 3063 metat
310 3010 379 3063 dens
398 3010 519 3062 oertains
537 3022 616 3076 pays
636 3009 665 3062 et
685 3010 734 3075 qui
752 3009 876 3063 oonsiste
894 3008 1072 3076 simplement
1090 3008 1159 3062 dans
1186 3007 1215 3061 la
1233 3007 1330 3074 {diseo-

203 3095 265 3149 tion
284 3096 313 3148 et
329 3095 576 3148 l'administration
594 3095 632 3148 du
651 3094 759 3162 oolldgs
786 3095 949 3162 ephebique.
985 3094 1045 3148 Ello
1073 3094 1143 3148 dtait
1170 3094 1248 3147 aussi
1274 3107 1331 3146 une

204 3181 284 3250 ἀρχή,
304 3181 425 3235 exerode
443 3195 480 3234 au
497 3194 564 3234 nom
583 3181 617 3234 de
634 3164 726 3244 l'ditat,
746 3195 855 3235 oomms
882 3181 900 3234 t
926 3181 1008 3236 Teos.
1042 3181 1082 3234 Le
1109 3181 1330 3248 gymnasiarque

204 3281 226 3334 y
244 3268 288 3320 est
305 3281 344 3320 un
361 3267 511 3334 magistrat
529 3267 582 3330 eiu,
601 3267 650 3333 qui
668 3282 685 3321 a
702 3267 827 3321 lahaute
839 3267 916 3321 main
934 3281 983 3320 sur
995 3267 1059 3320 tout
1077 3281 1110 3320 oe
1128 3267 1176 3332 qui
1190 3280 1330 3320 oonoeme

204 3352 232 3405 le
258 3365 397 3420 gymnase
423 3353 452 3406 st
478 3351 637 3419 sephetia!
658 3352 785 3405 -Deinde
801 3367 827 3419 p.
845 3353 896 3405 271
914 3351 1058 3418 Fougeres
1075 3351 1147 3404 haee
1164 3351 1329 3404 adnotavit:

207 3437 276 3501 „Les
294 3439 372 3492 deux
389 3438 533 3492 demidres
552 3437 710 3504 categorias
729 3438 764 3491 do
781 3439 1016 3506 gymnasiarquas
1042 3451 1078 3490 ne
1097 3438 1162 3490 sont
1180 3450 1231 3503 pas
1250 3437 1329 3490 abso·

209 3522 317 3577 lument
336 3525 492 3578 distinctos.
510 3551 541 3560 -
561 3522 641 3577 (lette
658 3523 886 3591 gymnasiarohie
904 3523 995 3576 mixte
1013 3537 1045 3576 se
1062 3523 1197 3575 retrouve
1215 3522 1232 3576 t
1250 3521 1330 3586 (idos,

206 3606 243 3660 od
260 3607 287 3661 le
305 3609 525 3676 gymnasiarque
543 3608 587 3662 est
604 3608 674 3661 tenu
691 3609 725 3661 de
742 3608 879 3674 pourvoir
897 3607 914 3662 a
930 3607 959 3661 la
977 3620 1078 3660 oourse
1096 3620 1155 3661 aux
1167 3606 1330 3661 flambaaux

207 3693 255 3748 des
274 3693 397 3760 νεώτεροι
416 3695 445 3747 et
462 3693 480 3747 d
497 3693 560 3746 tout
578 3707 611 3746 oe
629 3693 677 3760 qni
696 3707 835 3748 ooneame
852 3694 880 3747 le
897 3695 1059 3761 gymnaso.“

306 3797 333 3866 2)
352 3795 517 3864 Catapultae
535 3809 600 3850 oum
617 3796 683 3851 inde
700 3810 717 3850 a
734 3795 908 3863 temporibus
926 3794 1082 3849 Alexandri
1099 3795 1193 3862 Magni
1220 3809 1330 3850 suooes·

205 3898 357 3951 eorumque
376 3884 437 3937 eins
456 3883 569 3937 demum
586 3884 725 3952 omnium,
738 3885 768 3938 in
785 3898 870 3938 nsum
887 3883 1025 3947 venerint,
1052 3883 1153 3937 titulus
1179 3883 1228 3936 ille
1253 3883 1330 3940 haud

205 3969 289 4024 dubie
308 3969 345 4023 Ill
363 3983 388 4024 a.
407 3967 470 4022 (ihr.
489 3983 515 4021 n.
534 3981 608 4022 eaeo.
626 3983 683 4022 non
701 3970 745 4023 ast
763 3970 914 4036 antiquior.

307 4070 334 4140 3)
354 4072 388 4126 of.
407 4071 567 4126 Samiorum
592 4072 700 4135 titulos,
727 4085 797 4138 quos
825 4071 913 4126 edidit
939 4071 1092 4134 Kirohhoff,
1115 4070 1284 4126 Monateber.
1304 4070 1329 4124 d.

203 4157 278 4212 Berl.
296 4157 380 4212 dead.
400 4158 468 4212 1859
485 4173 511 4226 p.
530 4158 625 4211 73911.
645 4158 660 4210 1
679 4159 708 4212 et
726 4158 794 4212 1862
811 4171 835 4224 p.
856 4158 890 4210 72
906 4171 934 4211 n.
953 4157 1093 4212 1=Ditt.
1119 4157 1188 4226 Syll.
1215 4171 1242 4211 n.
1269 4156 1329 4210 396.

203 4243 363 4297 Atticorum
380 4243 528 4296 titulorum
547 4257 563 4296 e
579 4243 677 4296 multis
694 4256 783 4296 unum
801 4242 914 4296 adiero:
942 4241 970 4295 O.
990 4242 1015 4296 J.
1029 4242 1061 4296 A.
1079 4242 1104 4295 11
1122 4242 1173 4296 487
1191 4256 1218 4296 ν.
1236 4240 1271 4295 62
1288 4255 1330 4307 sq.

204 4328 316 4382 :Ditt
335 4328 406 4396 Syll.
423 4329 482 4382 347.
511 4328 544 4382 ot
572 4328 658 4382 etiam
675 4327 791 4382 Aristot,
808 4324 899 4396 Ἀθην.
916 4326 974 4382 πολ.
1003 4342 1062 4395 sap.
1079 4328 1115 4382 42
1132 4343 1158 4395 p.
1177 4327 1229 4384 108
1254 4325 1357 4390 οπλα,

203 4416 299 4482 μαχεῖν
316 4413 357 4464 καὶ
375 4412 493 4474 τοξεύειν
511 4411 553 4464 καὶ
570 4413 710 4472 ἀκοντίζειν
727 4412 769 4464 καὶ
786 4413 952 4482 καταπάλτην
970 4412 1075 4480 ἀφιέναι
1093 4412 1262 4466 διδάσκουσιν.

1157 4515 1173 4568 7
