3322 5302
740 489 803 552 113

204 690 344 754 homines
367 690 452 756 dooti
474 691 519 755 sio
539 691 703 756 restituere
726 693 799 757 sunt
820 693 942 758 eonati:
976 692 1009 756 ἐν
1031 691 1156 757 Ἰουλίδι
1191 693 1225 757 δὲ
1258 697 1333 779 πρὸς

205 795 277 868 τοὺς
303 841 334 857 ..
353 841 360 856 .
376 793 466 877 .ιι]αί
489 795 560 869 τοὺς
582 794 772 878 προστάτας.
821 793 906 874 Quae
929 813 981 860 eos
993 814 1053 860 non
1069 797 1153 862 reete
1166 799 1332 864 eonieeisso

204 895 356 974 existimo,
379 915 452 962 nam
476 895 508 979 l)
532 916 626 980 supra
647 897 739 963 docui
761 917 870 963 omnes
892 916 999 963 vorsus
1029 897 1073 962 67
1094 899 1145 964 uel
1166 899 1210 962 68
1231 900 1331 967 habu·

203 997 266 1062 isse
286 998 419 1076 litteras,
446 1017 519 1083 ergo
542 1001 613 1082 pest
635 1001 709 1083 πρὸς
725 999 797 1075 τους
812 1018 909 1082 neque
926 999 1119 1085 ἀστυνόμους
1134 1020 1232 1084 neque
1254 1002 1331 1066 δεσ-

205 1100 392 1184 μοφύλακας
413 1102 547 1168 inserere
568 1119 753 1184 possumus3
776 1102 811 1184 2)
833 1103 1004 1185 permirum
1035 1102 1113 1167 mihi
1142 1102 1276 1182 ridetur,
1298 1104 1330 1170 in

205 1204 326 1270 decreto
349 1203 404 1270 illo
427 1203 522 1270 fuisse
545 1206 754 1287 praeceptum,
776 1205 903 1270 licuisse
936 1202 1061 1282 ἔνδειξιν
1091 1205 1181 1271 illam
1212 1205 1331 1272 deferre

204 1307 260 1371 aut
282 1308 321 1372 ad
341 1307 444 1372 neseio
467 1327 560 1390 quem
581 1309 812 1392 magistratum,
836 1307 944 1374 autad
958 1307 1157 1391 προοτοὶτας;
1180 1308 1215 1390 3)
1239 1328 1332 1392 supra

205 1410 249 1493 (p.
271 1408 326 1492 94)
350 1409 476 1476 uberius
500 1411 600 1490 docui,
622 1411 812 1477 Juliotarum
826 1411 1006 1495 προστάτας
1020 1411 1215 1500 respondisse
1230 1413 1330 1478 Athe-

203 1513 358 1578 niensium
395 1512 603 1600 ἐπιμεληταῖς
640 1524 695 1578 τοῠ
732 1513 890 1600 ἐμπορίου,
929 1513 969 1580 ad
1007 1532 1059 1578 eos
1096 1514 1201 1580 autem
1236 1515 1331 1580 etiam

203 1617 335 1682 Athenis
358 1616 511 1684 eiusmodi
532 1635 643 1687 causas
662 1607 785 1683 ¹<teletae
808 1636 875 1683 esse
896 1617 988 1682 modo
1020 1616 1094 1682 dixi.
1147 1617 1261 1682 Totum
1282 1617 1331 1682 lo-

204 1738 275 1784 oum
307 1738 382 1804 argo
415 1722 459 1786 sie
491 1720 717 1786 restituendum
751 1722 913 1786 existimo:
948 1722 1007 1805 τήν
1038 1720 1072 1784 δὲ
1103 1717 1231 1796 ἔνδειξιν
1253 1719 1331 1784 είναι

203 1819 365 1907 Ἀθήνησι
388 1823 445 1907 μὲν
464 1825 542 1906 πρὸς
564 1825 635 1899 τοὺς
659 1822 801 1908 [ἕνδεκα
826 1822 860 1886 ἐν
881 1820 1006 1887 Ἰουλίδι
1039 1821 1072 1884 δὲ
1099 1819 1331 1905 είοαγιυγὲαςἿ

204 1922 297 2010 είν]αι
320 1927 392 2000 τοὺς
414 1925 605 2008 προστάτας.

306 2027 449 2094 Vidimus
472 2047 565 2111 supra
587 2030 649 2096 tres
673 2029 802 2096 Ceorum
824 2029 933 2095 titulos
956 2028 997 2094 ad
1019 2028 1147 2114 alterius
1170 2028 1330 2094 societatis

203 2133 378 2198 maritimae
411 2133 552 2215 tempore
585 2151 652 2199 esso
682 2133 878 2210 referendos3
912 2152 1042 2216 quorum
1076 2133 1205 2198 tertium
1237 2130 1327 2195 attuli
1415 2115 1421 2137 '

203 2233 454 2301 Carthaesnsium
486 2237 536 2301 tit.
559 2256 589 2301 n.
614 2238 675 2302 11:
709 2235 995 2303 commemorantur
1026 2237 1071 2302 ibi
1104 2255 1134 2300 ν.
1168 2235 1188 2298 7
1222 2254 1268 2316 sq.
1300 2233 1330 2298 οἱ

203 2337 340 2402 σύνδικοι
363 2337 391 2402 οί
413 2337 655 2415 ἀποσταλέντες,
679 2340 736 2421 (so.
757 2339 912 2421 Athenas)
944 2338 1004 2402 ὑπὸ
1040 2345 1098 2422 τῆς
1133 2335 1255 2412 πόλεως
1278 2335 1330 2400 ἐπὶ

203 2442 259 2516 τὰς
280 2440 370 2518 δίκας
392 2443 449 2518 τὰς
469 2444 554 2505 κατὰ
575 2441 798 2526 (Ζ)ήνιδοίς)”)
827 2443 883 2506 καί
904 2440 1105 2526 Λυσιμάχου.
1153 2439 1239 2520 Quae
1261 2440 1330 2506 fue-

201 2544 245 2608 rit
266 2561 360 2610 eausa
382 2563 419 2609 ex
440 2543 533 2610 titulo
552 2544 620 2627 ipso
643 2563 704 2610 non
720 2546 857 2627 apparet.
894 2544 1013 2629 Ζήνιδα
1035 2546 1127 2628 atque
1142 2543 1330 2629 Λυσίμαχον

202 2645 342 2712 homines
360 2645 456 2711 tuisse
478 2646 613 2728 privatos
636 2646 826 2728 titulumque
853 2647 938 2724 „eius
961 2664 1028 2712 esse
1050 2646 1172 2723 aetatis,
1197 2665 1258 2727 qua
1279 2648 1329 2710 ta-

201 2750 248 2816 les
271 2769 381 2816 causas
400 2751 532 2816 Athenis
555 2753 719 2833 agerentur
740 2751 908 2815 seeundum
930 2751 1016 2834 leges
1038 2751 1060 2815 i.
1084 2770 1111 2816 e.
1135 2751 1207 2814 ente
1231 2747 1327 2826 338,“

201 2853 402 2919 Wilamovitz
433 2855 515 2918 reete
547 2853 688 2919 oonisoit.
743 2851 890 2935 Syndieos
923 2852 1007 2917 haud
1040 2853 1133 2918 dubie
1165 2869 1329 2918 causarum

92 3005 95 3012 .
201 2955 297 3020 fuisse
319 2955 466 3036 patronos
487 2955 605 3020 ibidem
627 2954 727 3020 docui.

305 3056 447 3122 Ceterum
471 3056 510 3121 ad
533 3056 578 3121 IV
599 3075 628 3122 a.
644 3056 713 3122 Chr.
738 3075 819 3124 eaeo.
839 3056 1017 3122 referendus
1040 3057 1088 3120 ost
1109 3055 1204 3120 etiam
1227 3055 1329 3121 Julia-

201 3161 305 3225 tarum
326 3160 377 3225 tit.
400 3179 431 3224 n.
454 3158 515 3235 37;
546 3159 584 3224 de
605 3160 699 3226 titulo
721 3161 789 3243 ipso
813 3179 884 3226 oum
906 3161 987 3224 infra
1010 3159 1045 3246 (ᾗ
1067 3159 1101 3242 5)
1133 3159 1258 3224 uberius
1280 3157 1329 3222 di·

202 3261 333 3327 oendum
355 3263 406 3340 sit,
438 3262 501 3327 iam
524 3281 572 3328 res
595 3262 635 3327 ad
656 3263 771 3329 indicia
804 3251 994 3346 pertinemus
1025 3261 1237 3344 inspiciamus,
1269 3261 1330 3324 etsi

200 3366 327 3447 propter
346 3364 434 3430 tituli
456 3367 574 3431 statum
596 3366 806 3454 miserabilem
829 3366 933 3430 omnia
966 3365 1081 3430 certius
1113 3363 1234 3430 definiri
1269 3381 1328 3428 non

200 3468 341 3552 possunt.
385 3469 591 3535 Jubenturv.
615 3468 704 3551 deq.
728 3467 836 3553 ταμίαι
866 3468 950 3534 lenta
981 3468 1107 3532 nomina
1140 3466 1256 3532 tabulis
1278 3465 1328 3530 in·
1393 3455 1396 3462 ’

201 3571 353 3648 seribero;
377 3573 431 3654 qui
452 3572 485 3636 id
508 3591 568 3638 non
591 3572 730 3650 iecerint,
752 3573 785 3636 in
808 3590 860 3636 eos
874 3589 973 3653 poena
988 3571 1198 3636 oonst'tuitur.
1243 3567 1328 3649 Quae

201 3672 296 3738 fuerit
316 3673 373 3738 illa
394 3692 494 3757 poene
524 3693 584 3740 non
618 3676 750 3740 constat.
795 3672 956 3754 Quaestor,
991 3673 1044 3756 qui
1075 3673 1209 3738 multem
1239 3672 1329 3738 illam

201 3792 263 3840 non
284 3775 485 3857 pependerat,
508 3777 652 3842 similiter
675 3780 767 3860 etque
785 3776 938 3842 debitores
961 3776 1005 3861 μὴ
1029 3775 1214 3860 κομίσαντες
1236 3775 1258 3858 ἢ
1282 3776 1327 3859 μή

201 3947 457 3958 -fl———u-——n

305 4050 331 4116 1)
350 4049 506 4117 εἰσαγωγεῖς
531 4062 629 4104 omnes
655 4049 841 4116 magistratus
867 4047 1088 4115 appellabantur,
1117 4047 1166 4115 qui
1188 4047 1329 4115 prefraudus

201 4135 367 4204 δικαστηρίου
393 4135 536 4190 hebebant
563 4135 597 4190 ef.
615 4133 1010 4202 Meier-Sehoemann·hipsius
1027 4133 1045 4187 l.
1063 4133 1080 4188 l.
1107 4148 1133 4201 p.
1151 4134 1186 4187 45
1208 4133 1266 4187 not.
1286 4133 1328 4196 13,

201 4234 227 4287 p.
246 4221 281 4274 94
297 4221 355 4275 not.
375 4221 433 4276 150.
469 4221 616 4276 Demosth.
635 4235 675 4276 01.
693 4223 735 4286 37,
754 4221 789 4274 34
806 4220 852 4272 οὐκ
869 4220 950 4272 ὄντων
968 4219 1135 4287 εἰσαγωγέων
1156 4223 1208 4270 τῶν
1231 4220 1329 4281 θεσμο-

202 4307 289 4356 θετῶν
307 4306 374 4373 ὑπὲρ
392 4306 429 4357 ὧν
447 4305 571 4376 λαγχάνει
590 4303 773 4364 Πανταίνετος.

306 4407 333 4478 2)
353 4409 387 4464 oi.
405 4424 431 4478 p.
449 4410 485 4464 98
501 4411 530 4464 et
547 4410 606 4464 not.
623 4410 649 4462 2.

1155 4509 1173 4562 8
