3322 5302
845 491 888 557 70

306 699 387 764 sium
408 697 657 782 promunturium
679 696 861 762 commissae
878 697 959 763 solos
978 692 1065 762 deos.
1109 693 1341 775 Brocndsted¹l
1363 697 1431 763 sin-

307 801 396 885 gulas
420 799 473 866 Cei
493 799 615 866 insulae
636 799 728 864 urbes
751 799 891 883 singulas
913 816 1007 864 naves
1029 797 1151 863 misisse
1181 799 1327 880 putatet
1358 801 1431 881 qui·

307 904 377 969 dem
398 903 507 970 Julida
529 905 621 986 utque
643 903 827 969 cetthaeum
847 901 1017 981 triremem,
1041 900 1203 968 Coressum
1224 902 1332 968 autem
1353 902 1432 966 Poi-

306 1025 466 1089 essamque
489 1004 746 1093 πεντηκόντορον.
792 1005 893 1071 llrunt
923 1006 1053 1071 fortusse
1084 1004 1138 1088 qui
1166 1004 1256 1070 illem
1287 1004 1429 1070 Broend·

307 1109 386 1177 stedi
409 1107 626 1188 coniecturam,
650 1127 742 1191 qnam
766 1109 847 1173 certe
869 1125 1066 1174 numerorum
1098 1124 1250 1172 consensu
1272 1107 1429 1190 permotus

306 1212 389 1290 lecit,
412 1231 472 1277 uon
495 1211 586 1278 modo
610 1213 748 1294 probent,
768 1211 822 1277 sed
844 1212 938 1276 etiam
962 1211 1115 1294 optimum
1130 1209 1350 1276 documentum
1373 1209 1429 1274 ha·

306 1314 399 1379 beant
421 1313 540 1380 insulae
554 1313 647 1379 urbes
670 1316 718 1380 sni
732 1315 809 1380 iuris
831 1314 937 1380 luisse.
982 1313 1042 1380 Sed
1063 1312 1341 1397 illaJBroendstedi
1355 1329 1429 1377 eon·

305 1417 424 1483 iectme
446 1417 518 1482 ferri
539 1435 601 1482 nou
624 1419 737 1499 potest.
781 1417 840 1482 llst
856 1416 939 1482 enim
968 1415 1231 1481 verisimillimum
1246 1413 1332 1493 Ceos,
1359 1433 1431 1480 oum

307 1538 343 1584 ex
364 1520 507 1586 omnibus
528 1519 638 1588 insulis
661 1520 720 1587 soli
742 1520 852 1588 ceteris
874 1518 1000 1586 Graecis
1022 1538 1077 1602 pro
1109 1519 1253 1584 libertate
1285 1501 1430 1600 pugnen-

306 1623 390 1688 tibus
414 1641 446 1688 se
467 1623 701 1705 applicaverint,
724 1622 757 1688 id
779 1622 967 1688 coniunctim
997 1622 1126 1700 iecissc;
1166 1619 1244 1686 illud
1268 1620 1350 1684 onim
1373 1618 1430 1684 ad-

308 1723 379 1788 duci
401 1725 453 1790 rix
473 1743 610 1806 possum,
632 1725 668 1790 ut
689 1727 812 1791 credam
834 1743 889 1808 per
912 1743 944 1790 se
966 1723 1334 1806 unamquamqueurbem
1356 1739 1431 1786 con-

308 1826 415 1892 silium
435 1826 514 1892 illud
537 1828 665 1910 cepisse.
708 1829 805 1893 Porro
828 1847 888 1894 non
912 1830 960 1894 est
980 1826 1147 1892 verisimile
1178 1823 1315 1908 singulas
1338 1825 1432 1889 urbes

308 1929 446 2014 singulas
469 1947 560 1996 nares
583 1931 725 1997 misisse:
750 1931 889 1997 feceruut
910 1929 942 1995 id
965 1929 1102 1994 universi
1129 1927 1182 1994 Cei
1213 1947 1249 1992 ex
1281 1943 1431 1992 consensu

308 2033 455 2112 omnium,
480 2035 571 2117 atquc
594 2053 630 2098 ex
653 2035 810 2100 communi
832 2033 958 2123 senatus
991 2031 1159 2114 populique
1192 2031 1315 2096 decreto
1337 2049 1434 2096 neres

307 2136 379 2203 illus
401 2138 590 2203 coniunctim
612 2138 819 2203 armaverunt.
926 2195 928 2200 .
1416 2147 1438 2204 ,⁶

410 2239 555 2306 Vidimus
577 2239 688 2304 deinde
710 2239 825 2322 tripodi
857 2239 905 2326 illi
927 2237 1080 2322 Delphico
1103 2237 1174 2319 post
1195 2249 1332 2322 pugnam
1355 2235 1433 2302 Pla·

308 2341 422 2407 teicam
459 2342 610 2420 dedicato,
644 2342 828 2424 simpliciter
860 2341 991 2407 incisum
1033 2341 1129 2407 fuisse
1166 2341 1295 2406 verbum
1340 2337 1433 2403 Κεῖοι

309 2443 559 2528 (n.135);quae
581 2463 630 2509 res
653 2445 711 2509 etsi
734 2463 789 2526 per
810 2463 843 2510 se
867 2462 927 2509 non
950 2444 1085 2509 multum
1104 2443 1223 2524 probat,
1242 2443 1348 2507 tamen
1368 2459 1435 2506 uua

309 2565 380 2612 cum
404 2545 473 2612 aliis
496 2546 618 2612 indiciis
634 2548 746 2629 prioris
770 2547 966 2632 sympolitiae
988 2546 1208 2612 documentum
1228 2564 1295 2610 esse
1318 2544 1432 2628 potest.

411 2648 554 2714 Vidimus
576 2667 666 2731 porro
690 2649 785 2716 Coum
807 2649 943 2715 insulam
964 2647 1096 2714 foederis
1119 2648 1219 2714 Attici
1241 2648 1357 2714 sociam
1380 2647 1432 2711 fu·

308 2750 379 2816 isso.
422 2751 469 2817 lllx
490 2752 649 2820 laterculis
673 2753 881 2838 sexagesimae
913 2753 1101 2820 tributorum
1133 2751 1312 2818 concludere
1346 2749 1435 2830 licet,

198 2867 201 2872 ·
310 2871 430 2936 semper
450 2855 609 2921 univorsos
633 2855 710 2922 eeos
740 2856 859 2922 tributa
889 2855 946 2922 illa
976 2875 1038 2921 uua
1071 2854 1284 2938 pependisse„
1317 2853 1433 2920 Ocresii

309 2974 383 3023 sane
406 2957 502 3023 semel
524 2961 690 3041 seperatim
712 2960 744 3024 iu
767 2959 890 3026 tabulas
911 2959 983 3024 illas
1004 2957 1095 3024 relati
1117 2958 1270 3036 suntsed
1292 2956 1350 3023 hoc
1372 2955 1434 3022 ali·

309 3060 357 3124 ter
391 3059 605 3141 explicandum
643 3079 709 3126 esse
748 3081 846 3145 neque
888 3060 1084 3146 sympolitiae
1120 3077 1301 3144 repugnare,
1338 3043 1433 3141 supra

311 3167 355 3244 (p.
379 3161 419 3226 31
443 3163 502 3246 sq.)
525 3164 666 3246 pluribus
689 3163 789 3230 docui.

412 3265 557 3332 Vidimus
579 3267 674 3333 etiam
697 3267 742 3351 (id
766 3265 848 3351 quod
868 3267 1087 3351 gravissimum
1110 3268 1169 3347 est)
1188 3263 1320 3329 (luorum
1343 3262 1435 3328 nrbes

309 3371 477 3451 separatim
499 3371 539 3436 ad
561 3371 690 3437 altarem
713 3371 894 3437 societatem
914 3371 1106 3436 maritimam
1125 3368 1300 3446 accessisse,
1315 3367 1347 3431 in
1367 3366 1432 3431 ioe-

309 3471 390 3537 deris
412 3473 518 3539 autem
539 3474 625 3541 illius
648 3474 881 3540 condicionibus
904 3473 1016 3538 diserto
1040 3472 1243 3538 constitutum
1266 3469 1362 3536 luisse
1377 3470 1434 3532 καὶ

310 3574 531 3641 eoluctuosa
555 3577 704 3663 [Κείου]ς
725 3579 810 3641 κατὰ
831 3576 938 3652 πόλεις
960 3577 1045 3640 κατὰ
1067 3577 1139 3650 τοὺς
1161 3575 1271 3658 ὅρκους
1300 3575 1355 3636 καὶ
1376 3573 1435 3647 τὰς

312 3677 496 3762 sortiturae:
520 3699 598 3762 quac
621 3681 714 3747 verba
736 3679 900 3746 manifesto
931 3679 1064 3764 probant
1086 3697 1156 3744 euur
1189 3695 1292 3743 rerum
1314 3677 1433 3742 statum

204 3866 205 3870 Ἰ
310 3799 370 3847 non
393 3799 515 3866 semper
537 3782 632 3848 fuisse
655 3787 699 3866 (p.
722 3782 764 3846 35
788 3784 857 3866 sq.).

413 3885 524 3952 Restat
545 3885 758 3951 testimouium
788 3888 819 3951 et
849 3886 973 3968 quidem
1004 3885 1232 3970 gravissimum,
1265 3884 1345 3967 lapis
1366 3879 1433 3960 ille,

311 4006 403 4071 quem
425 3987 563 4054 Marmor
594 3988 809 4055 sandwicense
844 3989 1002 4072 appellare
1028 3988 1242 4055 consuevimus
1274 3991 1320 4068 (n.
1347 3981 1434 4067 125).

310 4091 347 4156 lu
369 4090 477 4156 tabula
498 4089 563 4170 illa,
588 4090 625 4156 de
648 4110 708 4174 qua
729 4091 810 4157 infru
832 4092 864 4174 (ξ
887 4093 921 4176 5)
944 4091 1068 4158 uberius
1100 4092 1211 4172 dicam,
1243 4081 1343 4175 primo
1365 4089 1434 4156 loco

312 4191 498 4275 perscriptae
521 4194 594 4258 suut
615 4212 727 4260 usurae
748 4192 959 4276 pecuniarum,
983 4213 1061 4277 quac
1093 4194 1222 4266 diversis
1255 4192 1436 4260 ciuitatibus

415 4415 441 4485 1)
460 4397 636 4472 Broeudsted
653 4418 670 4471 l.
690 4417 707 4470 l.
726 4417 745 4470 l.
764 4431 790 4485 p.
810 4417 843 4471 72
860 4417 918 4471 not.
937 4416 961 4470 8.
