3322 5302
883 475 927 540 61

341 701 428 748 amns
451 701 574 748 neeesse
595 683 646 747 est
674 682 836 748 civitatum
871 679 1057 746 Graecarum
1092 677 1257 760 praecipuo
1289 675 1468 738 Ionicarum

342 787 505 850 divisiones
528 785 655 868 paulum
678 784 887 850 examinemus
903 783 942 864 ¹).
1009 804 1013 814 ‘

443 889 546 971 Atque
570 887 733 952 civitatum
755 886 922 952 divisiones
946 886 973 950 si
1004 885 1226 960 examinemus,
1258 881 1317 947 duo
1340 879 1470 945 divisio·

342 1008 417 1054 num
437 1009 550 1072 genere
571 991 763 1055 invenimus:
787 989 979 1072 gentiliciam
1003 991 1035 1052 11
1052 985 1316 1069 topographicam‚
1337 1002 1468 1066 querum

343 1093 535 1173 gentiliciam
558 1093 657 1158 multo
680 1093 888 1174 antiquiorem
911 1109 977 1156 esse
991 1089 1127 1172 apparet.
1172 1089 1209 1152 In
1231 1087 1373 1152 omnibus
1393 1085 1469 1151 civi-

343 1194 460 1260 tatibus
483 1195 597 1260 Ionicis
621 1213 814 1276 -quarum
846 1193 1009 1276 praecipue
1042 1191 1093 1255 hic
1123 1190 1315 1256 interest-
1337 1188 1469 1271 populns

346 1299 519 1380 antiquitus
542 1298 573 1362 in
597 1298 707 1380 phylen
732 1299 764 1360 et
786 1297 925 1378 phatrias
960 1295 1127 1378 discriptus
1161 1292 1238 1358 erat.
1293 1291 1469 1356 Herodotus

346 1400 374 1472 ll
398 1399 475 1484 147)
499 1400 654 1482 Apaturia
676 1401 714 1464 ah
727 1399 869 1465 omnihus
884 1397 1010 1464 Ionibus
1025 1397 1147 1478 praeter
1161 1394 1311 1477 Ephesios
1327 1394 1358 1458 11
1380 1391 1471 1458 uolo-

345 1501 474 1598 phonios
498 1503 656 1566 anteesse
679 1501 784 1566 narrat
798 1501 836 1584 2),
858 1500 1011 1583 Apaturia
1033 1499 1138 1564 autem
1164 1497 1372 1579 phratrierum
1407 1497 1470 1562 sol-

345 1603 462 1668 lemnis
484 1603 579 1678 fnisse
601 1604 670 1685 quis
703 1604 751 1668 est
781 1603 856 1685 quin
888 1601 1014 1680 111113).
1068 1601 1234 1666 Praeterea
1264 1601 1294 1664 in
1327 1599 1471 1664 omnihus

347 1705 483 1770 civitatis
517 1705 646 1770 decretis
677 1705 796 1770 civibus
832 1705 1038 1788 adscripticiis
1070 1703 1262 1784 permittitur
1292 1703 1408 1768 tribum
1440 1701 1472 1766 et

347 1809 518 1891 phratriam
551 1809 612 1874 sibi
644 1809 769 1891 eligere,
804 1809 891 1874 velut
923 1809 979 1870 καὶ
1001 1809 1077 1891 πρὸς
1100 1805 1203 1890 φυλὴν
1234 1807 1289 1868 καὶ
1322 1803 1472 1889 φρατρίαν

348 1919 587 1995 προσγραφῆναι
609 1909 718 1974 ὁποίαν
741 1911 784 1994 ἂμ
807 1909 979 1995 βούλωνται
1002 1909 1150 1991 (Tenos);
1173 1905 1286 1984 ἐξεῖναι
1309 1907 1343 1969 δὲ
1366 1906 1473 1981 αὐτοῖς

349 2014 404 2076 καὶ
426 2013 528 2098 φυλῆς
549 2012 713 2096 γενέσθαι,
739 2015 777 2096 ἠς
799 2014 837 2075 ἂν
860 2011 1031 2098 βούλωνται
1054 2013 1110 2074 καὶ
1132 2009 1281 2094 φρατρίας
1303 2001 1341 2094 ἧς
1363 2010 1402 2072 ἂν
1418 2059 1425 2073 .
1440 2057 1471 2073 ..

350 2117 516 2200 (Andros);
541 2116 594 2182 sed
618 2117 687 2181 nolo
710 2115 852 2197 exempla
872 2115 929 2180 illa
963 2115 1136 2192 cumulare·
1165 2132 1234 2178 cnm
1270 2132 1319 2176 res
1341 2112 1410 2194 ipse
1432 2111 1474 2176 sit

349 2219 521 2284 notissime.
565 2219 676 2284 Altera
698 2219 805 2302 populi
828 2216 987 2299 discriptio
1020 2219 1086 2281 erat
1117 2214 1349 2299 topographiea,
1380 2232 1473 2296 qnam

349 2324 550 2388 recentiorem
572 2323 666 2387 fuisse
690 2324 741 2387 vel
764 2342 799 2386 er
822 2340 857 2386 eo
880 2321 1023 2405 colligere
1047 2339 1221 2404 possumus,
1245 2318 1326 2402 qnod
1349 2319 1395 2382 rei
1416 2338 1474 2401 pu·

349 2426 448 2491 hlicae
473 2425 737 2492 administrandae
759 2425 790 2488 et
812 2423 856 2488 rei
879 2424 1024 2488 militaris
1048 2441 1142 2488 causa
1171 2423 1317 2488 instituta
1339 2421 1475 2486 111111-

351 2529 449 2592 detur.
494 2529 555 2594 Sed
577 2528 736 2612 gentilicia
758 2527 918 2609 discriptio
951 2527 1080 2590 minime
1103 2525 1227 2590 sublata
1256 2525 1312 2603 111,
1344 2524 1475 2607 ideoque

353 2631 383 2695 in
405 2630 549 2696 omnibus
569 2630 747 2696 civitatibus
771 2629 897 2694 Graecis
922 2631 1000 2695 duae
1033 2629 1126 2694 simul
1157 2629 1189 2692 in
1221 2646 1280 2692 usu
1310 2628 1399 2692 erant
1420 2646 1476 2709 po-

351 2733 417 2817 puli
439 2733 616 2800 divisiones.
661 2733 803 2799 Ceterum
830 2752 878 2798 res
911 2733 979 2811 illa,
1014 2751 1090 2815 qnae
1124 2733 1156 2796 in
1189 2731 1367 2798 universum
1399 2731 1476 2796 satis

353 2838 436 2902 clera
459 2839 516 2916 111,
542 2838 665 2919 singula
689 2837 950 2918 siperseqnimur
971 2835 1134 2918 permultis
1150 2835 1309 2899 obstructa
1325 2834 1373 2898 est
1394 2831 1477 2898 diffi-

353 2940 533 3019 cultatibus,
556 2960 634 3022 quoe
657 2939 793 3004 nondum
817 2941 901 3004 recte
934 2939 1103 3020 explicatae
1138 2938 1219 3002 eunt.
1272 2936 1351 3005 Tota
1381 2935 1478 3018 igitur

354 3044 492 3125 quaestio
517 3044 611 3127 digna
633 3043 689 3122 est,
714 3062 792 3125 quae
815 3042 913 3107 denuo
935 3042 1129 3107 retractetur.
1174 3039 1263 3120 Quod
1278 3057 1349 3105 curn
1369 3057 1476 3120 apro-

353 3145 454 3226 posito
475 3163 544 3210 meo
566 3145 657 3228 longe
696 3145 866 3222 abhorreat,
900 3144 1118 3212 nonnullarum
1151 3143 1314 3208 civitatum
1346 3141 1477 3223 discrip-

353 3247 452 3312 tiones
475 3247 526 3312 hic
548 3265 727 3330 proponam,
750 3246 873 3328 etipse
895 3246 969 3329 qnid
991 3247 1122 3311 sentiam
1145 3265 1181 3310 ex
1202 3245 1309 3310 tabule
1329 3244 1386 3310 illa
1407 3261 1477 3326 per·

355 3350 433 3432 spici
453 3349 563 3432 possit.
714 3335 727 3355 ⁰

507 3486 647 3550 Athenae
687 3485 819 3551 :tribus
907 3484 981 3568 pegi
1084 3485 1241 3567 phratriee

510 3586 586 3653 Ceos
688 3585 820 3651 :trihus
906 3587 981 3669 pagi
1084 3586 1239 3668 phratrias
1267 3586 1376 3670 (ciacc)

461 3893 486 3963 1)
505 3895 569 3948 Non
587 3893 781 3947 necessarium
798 3892 932 3945 existimo
952 3903 1050 3944 omnes
1069 3890 1283 3944 dissertationes
1305 3901 1480 3952 enumerare,

358 3995 428 4048 quas
447 3981 481 4034 de
499 3981 552 4034 hae
580 3993 611 4032 re
641 3978 749 4032 contuli
768 3976 905 4046 (Vischer,
923 3976 1016 4039 Kuhn,
1036 3975 1122 4039 beist,
1140 3975 1304 4040 Feldmenn
1322 3974 1419 4028 Fustel
1446 3974 1482 4028 de

358 4063 516 4131 Coniunges
535 4065 606 4127 etc.;
625 4062 816 4116 Burokherdti
834 4061 946 4115 libellus
964 4061 1034 4114 mihi
1051 4063 1166 4127 praesto
1184 4075 1241 4114 non
1259 4061 1332 4126 fnit),
1347 4060 1380 4114 11.
1394 4061 1482 4114 etiem

358 4151 558 4217 antiquitatum
576 4150 653 4203 artes
671 4148 866 4211 Schoemenni,
885 4147 1046 4211 hermanni,
1066 4145 1194 4210 (hilberti,
1216 4145 1337 4200 Busolti.

459 4234 485 4303 2)
506 4235 538 4289 11.
558 4234 622 4302 Gap.
642 4235 711 4300 1115
729 4235 753 4288 5.

460 4319 487 4389 3)
506 4321 539 4374 11.
567 4321 652 4374 etiam
679 4319 758 4373 Hom.
788 4319 995 4384 1131111.
1025 4313 1087 4385 κρῖν’
1108 4315 1208 4386 ἄνδρας
1231 4317 1300 4368 κατὰ
1317 4313 1397 4384 φῦλα,
1416 4313 1484 4366 κατὰ

359 4408 488 4477 φρήτρας,
505 4404 680 4475 Ἀγάμεμνον,
699 4407 739 4466 ὡς
754 4405 861 4474 φρήτρη
879 4404 1030 4473 creveico
1048 4405 1144 4474 derra,
1163 4403 1234 4471 φῦλα
1254 4403 1284 4455 oe
1302 4401 1401 4470 perae.
