<?xml version="1.0" encoding="UTF-8"?>
<!DOCTYPE html PUBLIC "-//W3C//DTD XHTML 1.0 Transitional//EN"
    "http://www.w3.org/TR/xhtml1/DTD/xhtml1-transitional.dtd">
<html xmlns="http://www.w3.org/1999/xhtml" xml:lang="en" lang="en">
 <head>
  <title>
</title>
<meta http-equiv="Content-Type" content="text/html;charset=utf-8" />
  <meta name='ocr-system' content='tesseract 3.04.00' />
  <meta name='ocr-capabilities' content='ocr_page ocr_carea ocr_par ocr_line ocrx_word'/>
</head>
<body>
  <div class='ocr_page' id='page_1' title='image "./deceiinsulaereb00pridgoog_0047.png"; bbox 0 0 3336 5314; ppageno 0'>
   <div class='ocr_carea' id='block_1_1' title="bbox 861 486 904 550">
    <p class='ocr_par' dir='ltr' id='par_1_1' title="bbox 861 486 904 550">
     <span class='ocr_line' id='line_1_1' title="bbox 861 486 904 550; baseline 0 0"><span class='ocrx_word' id='word_1_1' title='bbox 861 486 904 550; x_wconf 81' lang='lat'>34</span> 
     </span>
    </p>
   </div>
   <div class='ocr_carea' id='block_1_2' title="bbox 285 687 1452 3862">
    <p class='ocr_par' dir='ltr' id='par_1_2' title="bbox 285 687 1450 1888">
     <span class='ocr_line' id='line_1_2' title="bbox 320 687 1450 778; baseline -0.003 -21"><span class='ocrx_word' id='word_1_2' title='bbox 320 695 348 757; x_wconf 84' lang='grc' dir='ltr'>οἱ</span> <span class='ocrx_word' id='word_1_3' title='bbox 370 695 405 758; x_wconf 81' lang='grc' dir='ltr'>δὲ</span> <span class='ocrx_word' id='word_1_4' title='bbox 426 697 496 778; x_wconf 85' lang='grc' dir='ltr'><strong>περὶ</strong></span> <span class='ocrx_word' id='word_1_5' title='bbox 518 696 571 758; x_wconf 86' lang='grc' dir='ltr'>τὸν</span> <span class='ocrx_word' id='word_1_6' title='bbox 593 691 724 758; x_wconf 79' lang='grc' dir='ltr'>Κόνωνα</span> <span class='ocrx_word' id='word_1_7' title='bbox 749 695 804 756; x_wconf 89' lang='grc' dir='ltr'>σὺν</span> <span class='ocrx_word' id='word_1_8' title='bbox 835 693 929 756; x_wconf 85' lang='grc' dir='ltr'><strong>παντὶ</strong></span> <span class='ocrx_word' id='word_1_9' title='bbox 960 699 1004 776; x_wconf 85' lang='grc' dir='ltr'>τῷ</span> <span class='ocrx_word' id='word_1_10' title='bbox 1036 689 1140 776; x_wconf 76' lang='grc' dir='ltr'><strong>στόλῳ</strong></span> <span class='ocrx_word' id='word_1_11' title='bbox 1171 687 1331 774; x_wconf 78' lang='grc' dir='ltr'><strong>κρίναντες</strong></span> <span class='ocrx_word' id='word_1_12' title='bbox 1355 689 1450 754; x_wconf 82' lang='grc' dir='ltr'><strong>πλεῖν</strong></span> 
     </span>
     <span class='ocr_line' id='line_1_3' title="bbox 320 792 1448 882; baseline -0.005 -20"><span class='ocrx_word' id='word_1_13' title='bbox 320 798 373 862; x_wconf 81' lang='grc' dir='ltr'>ἐπὶ</span> <span class='ocrx_word' id='word_1_14' title='bbox 394 799 453 882; x_wconf 77' lang='grc' dir='ltr'>τήν</span> <span class='ocrx_word' id='word_1_15' title='bbox 474 795 626 882; x_wconf 75' lang='grc' dir='ltr'><strong>Ἀττικὴν</strong></span> <span class='ocrx_word' id='word_1_16' title='bbox 648 794 816 876; x_wconf 78' lang='grc' dir='ltr'><strong>ἀνέζευξαν</strong></span> <span class='ocrx_word' id='word_1_17' title='bbox 839 798 895 877; x_wconf 89' lang='lat' dir='ltr'>(se.</span> <span class='ocrx_word' id='word_1_18' title='bbox 918 813 989 860; x_wconf 87' lang='lat' dir='ltr'>vere</span> <span class='ocrx_word' id='word_1_19' title='bbox 1012 813 1040 859; x_wconf 89' lang='lat' dir='ltr'>a.</span> <span class='ocrx_word' id='word_1_20' title='bbox 1063 793 1140 872; x_wconf 84' lang='lat'><strong>393)</strong></span> <span class='ocrx_word' id='word_1_21' title='bbox 1163 795 1290 869; x_wconf 77' lang='grc' dir='ltr'><strong>καὶτὰς</strong></span> <span class='ocrx_word' id='word_1_22' title='bbox 1312 792 1448 858; x_wconf 80' lang='grc' dir='ltr'><strong>Κυκλά-</strong></span> 
     </span>
     <span class='ocr_line' id='line_1_4' title="bbox 320 895 1448 984; baseline -0.004 -20"><span class='ocrx_word' id='word_1_23' title='bbox 320 899 375 976; x_wconf 88' lang='grc' dir='ltr'>δας</span> <span class='ocrx_word' id='word_1_24' title='bbox 412 899 525 984; x_wconf 84' lang='grc' dir='ltr'><strong>νήσους</strong></span> <span class='ocrx_word' id='word_1_25' title='bbox 557 898 830 984; x_wconf 80' lang='grc' dir='ltr'><strong>προσαγαγόμενοι</strong></span> <span class='ocrx_word' id='word_1_26' title='bbox 864 897 1088 963; x_wconf 76' lang='grc' dir='ltr'><strong>κατέπλευσαν</strong></span> <span class='ocrx_word' id='word_1_27' title='bbox 1122 897 1174 960; x_wconf 83' lang='grc' dir='ltr'>ἐπὶ</span> <span class='ocrx_word' id='word_1_28' title='bbox 1211 895 1351 982; x_wconf 74' lang='grc' dir='ltr'><strong>Κύθηρα</strong></span> <span class='ocrx_word' id='word_1_29' title='bbox 1387 897 1448 981; x_wconf 69' lang='grc' dir='ltr'>τὴν</span> 
     </span>
     <span class='ocr_line' id='line_1_5' title="bbox 320 1000 1448 1088; baseline -0.003 -21"><span class='ocrx_word' id='word_1_30' title='bbox 320 1012 426 1088; x_wconf 69' lang='grc' dir='ltr'><strong>νῆσον.</strong></span> <span class='ocrx_word' id='word_1_31' title='bbox 473 1003 789 1069; x_wconf 80' lang='lat' dir='ltr'><strong>Lacedaemoniorum</strong></span> <span class='ocrx_word' id='word_1_32' title='bbox 811 1003 976 1086; x_wconf 83' lang='lat' dir='ltr'>praefertis</span> <span class='ocrx_word' id='word_1_33' title='bbox 991 1001 1214 1086; x_wconf 76' lang='lat' dir='ltr'>praesidiisque</span> <span class='ocrx_word' id='word_1_34' title='bbox 1230 1000 1337 1065; x_wconf 83' lang='lat' dir='ltr'>eiectis</span> <span class='ocrx_word' id='word_1_35' title='bbox 1353 1017 1448 1082; x_wconf 88' lang='lat' dir='ltr'>quae-</span> 
     </span>
     <span class='ocr_line' id='line_1_6' title="bbox 321 1102 1447 1190; baseline -0.003 -20"><span class='ocrx_word' id='word_1_36' title='bbox 321 1125 379 1188; x_wconf 91' lang='lat' dir='ltr'>que</span> <span class='ocrx_word' id='word_1_37' title='bbox 402 1106 440 1170; x_wconf 88' lang='lat' dir='ltr'>ab</span> <span class='ocrx_word' id='word_1_38' title='bbox 464 1107 503 1170; x_wconf 90' lang='lat' dir='ltr'>iis</span> <span class='ocrx_word' id='word_1_39' title='bbox 527 1106 696 1171; x_wconf 82' lang='lat' dir='ltr'>constituta</span> <span class='ocrx_word' id='word_1_40' title='bbox 719 1107 785 1170; x_wconf 86' lang='lat' dir='ltr'>erat</span> <span class='ocrx_word' id='word_1_41' title='bbox 807 1105 986 1190; x_wconf 85' lang='lat' dir='ltr'>eligarehia·</span> <span class='ocrx_word' id='word_1_42' title='bbox 1005 1105 1117 1184; x_wconf 87' lang='lat' dir='ltr'>deleta,</span> <span class='ocrx_word' id='word_1_43' title='bbox 1149 1102 1315 1186; x_wconf 77' lang='lat' dir='ltr'>populares</span> <span class='ocrx_word' id='word_1_44' title='bbox 1348 1103 1447 1168; x_wconf 90' lang='lat' dir='ltr'>denuo</span> 
     </span>
     <span class='ocr_line' id='line_1_7' title="bbox 320 1205 1446 1291; baseline -0.003 -19"><span class='ocrx_word' id='word_1_45' title='bbox 320 1209 508 1290; x_wconf 84' lang='lat' dir='ltr'>reipublicae</span> <span class='ocrx_word' id='word_1_46' title='bbox 540 1227 682 1290; x_wconf 90' lang='lat' dir='ltr'>praeesse</span> <span class='ocrx_word' id='word_1_47' title='bbox 713 1210 890 1291; x_wconf 79' lang='lat' dir='ltr'>coeperunt.</span> <span class='ocrx_word' id='word_1_48' title='bbox 936 1207 990 1274; x_wconf 82' lang='lat' dir='ltr'>sei</span> <span class='ocrx_word' id='word_1_49' title='bbox 1023 1245 1067 1256; x_wconf 89' lang='lat'><em>-</em></span> <span class='ocrx_word' id='word_1_50' title='bbox 1096 1225 1170 1272; x_wconf 91' lang='lat' dir='ltr'>nam</span> <span class='ocrx_word' id='word_1_51' title='bbox 1196 1205 1279 1288; x_wconf 90' lang='lat' dir='ltr'>quod</span> <span class='ocrx_word' id='word_1_52' title='bbox 1308 1205 1341 1270; x_wconf 91' lang='lat' dir='ltr'>in</span> <span class='ocrx_word' id='word_1_53' title='bbox 1375 1205 1446 1270; x_wconf 91' lang='lat' dir='ltr'>uni-</span> 
     </span>
     <span class='ocr_line' id='line_1_8' title="bbox 321 1307 1446 1388; baseline -0.003 -14"><span class='ocrx_word' id='word_1_54' title='bbox 321 1329 444 1376; x_wconf 88' lang='lat' dir='ltr'>versum</span> <span class='ocrx_word' id='word_1_55' title='bbox 476 1311 514 1376; x_wconf 90' lang='lat' dir='ltr'>de</span> <span class='ocrx_word' id='word_1_56' title='bbox 546 1311 637 1376; x_wconf 87' lang='lat' dir='ltr'>sooiis</span> <span class='ocrx_word' id='word_1_57' title='bbox 667 1311 820 1376; x_wconf 89' lang='lat' dir='ltr'>traditum</span> <span class='ocrx_word' id='word_1_58' title='bbox 854 1310 910 1388; x_wconf 77' lang='lat' dir='ltr'>est,</span> <span class='ocrx_word' id='word_1_59' title='bbox 948 1309 980 1374; x_wconf 92' lang='lat' dir='ltr'>id</span> <span class='ocrx_word' id='word_1_60' title='bbox 1015 1310 1112 1374; x_wconf 87' lang='lat' dir='ltr'>etiam</span> <span class='ocrx_word' id='word_1_61' title='bbox 1144 1307 1183 1374; x_wconf 86' lang='lat' dir='ltr'>ad</span> <span class='ocrx_word' id='word_1_62' title='bbox 1206 1307 1303 1374; x_wconf 83' lang='lat' dir='ltr'>Oeunr</span> <span class='ocrx_word' id='word_1_63' title='bbox 1332 1307 1446 1372; x_wconf 89' lang='lat' dir='ltr'>referre</span> 
     </span>
     <span class='ocr_line' id='line_1_9' title="bbox 321 1411 1449 1494; baseline -0.003 -18"><span class='ocrx_word' id='word_1_64' title='bbox 321 1431 382 1477; x_wconf 94' lang='lat' dir='ltr'>non</span> <span class='ocrx_word' id='word_1_65' title='bbox 404 1413 513 1478; x_wconf 92' lang='lat' dir='ltr'>dubito</span> <span class='ocrx_word' id='word_1_66' title='bbox 552 1451 588 1460; x_wconf 88' lang='lat'>-</span> <span class='ocrx_word' id='word_1_67' title='bbox 617 1415 650 1477; x_wconf 92' lang='lat' dir='ltr'>in</span> <span class='ocrx_word' id='word_1_68' title='bbox 682 1414 849 1494; x_wconf 84' lang='lat' dir='ltr'>pristinum</span> <span class='ocrx_word' id='word_1_69' title='bbox 880 1413 998 1478; x_wconf 88' lang='lat' dir='ltr'>statum</span> <span class='ocrx_word' id='word_1_70' title='bbox 1028 1411 1202 1476; x_wconf 88' lang='lat' dir='ltr'>redierunt:</span> <span class='ocrx_word' id='word_1_71' title='bbox 1235 1411 1372 1476; x_wconf 84' lang='lat' dir='ltr'>aeterum</span> <span class='ocrx_word' id='word_1_72' title='bbox 1394 1428 1449 1492; x_wconf 91' lang='lat' dir='ltr'>pro</span> 
     </span>
     <span class='ocr_line' id='line_1_10' title="bbox 320 1512 1450 1602; baseline -0.002 -22"><span class='ocrx_word' id='word_1_73' title='bbox 320 1515 448 1581; x_wconf 88' lang='lat' dir='ltr'>tributis</span> <span class='ocrx_word' id='word_1_74' title='bbox 486 1535 505 1581; x_wconf 90' lang='lat' dir='ltr'>a</span> <span class='ocrx_word' id='word_1_75' title='bbox 541 1515 736 1599; x_wconf 82' lang='lat' dir='ltr'>Thrasybulo</span> <span class='ocrx_word' id='word_1_76' title='bbox 771 1516 793 1602; x_wconf 79' lang='grc' dir='ltr'><strong><em>ἡ</em></strong></span> <span class='ocrx_word' id='word_1_77' title='bbox 825 1516 956 1600; x_wconf 80' lang='grc' dir='ltr'><strong>εἰκοστὴ</strong></span> <span class='ocrx_word' id='word_1_78' title='bbox 990 1515 1202 1599; x_wconf 83' lang='lat' dir='ltr'>redintegrata</span> <span class='ocrx_word' id='word_1_79' title='bbox 1232 1513 1280 1579; x_wconf 91' lang='lat' dir='ltr'>est</span> <span class='ocrx_word' id='word_1_80' title='bbox 1292 1513 1329 1597; x_wconf 84' lang='lat'>¹).</span> <span class='ocrx_word' id='word_1_81' title='bbox 1388 1512 1450 1598; x_wconf 84' lang='lat' dir='ltr'>Sed</span> 
     </span>
     <span class='ocr_line' id='line_1_11' title="bbox 320 1617 1446 1702; baseline -0.001 -20"><span class='ocrx_word' id='word_1_82' title='bbox 320 1619 400 1682; x_wconf 90' lang='lat' dir='ltr'>nihil</span> <span class='ocrx_word' id='word_1_83' title='bbox 431 1637 538 1684; x_wconf 89' lang='lat' dir='ltr'>earum</span> <span class='ocrx_word' id='word_1_84' title='bbox 569 1638 672 1684; x_wconf 87' lang='lat' dir='ltr'>rerum</span> <span class='ocrx_word' id='word_1_85' title='bbox 705 1619 826 1702; x_wconf 90' lang='lat' dir='ltr'>proprie</span> <span class='ocrx_word' id='word_1_86' title='bbox 849 1618 887 1684; x_wconf 93' lang='lat' dir='ltr'>de</span> <span class='ocrx_word' id='word_1_87' title='bbox 919 1617 978 1685; x_wconf 84' lang='lat' dir='ltr'>Ceo</span> <span class='ocrx_word' id='word_1_88' title='bbox 1009 1619 1176 1684; x_wconf 89' lang='lat' dir='ltr'>memoriae</span> <span class='ocrx_word' id='word_1_89' title='bbox 1207 1618 1255 1682; x_wconf 87' lang='lat' dir='ltr'>eat</span> <span class='ocrx_word' id='word_1_90' title='bbox 1279 1617 1446 1694; x_wconf 84' lang='lat' dir='ltr'>traditum,</span> 
     </span>
     <span class='ocr_line' id='line_1_12' title="bbox 285 1711 1450 1804; baseline -0.003 -18"><span class='ocrx_word' id='word_1_91' title='bbox 285 1711 287 1720; x_wconf 46' lang='lat'>‘</span> <span class='ocrx_word' id='word_1_92' title='bbox 320 1739 419 1804; x_wconf 91' lang='lat' dir='ltr'>neque</span> <span class='ocrx_word' id='word_1_93' title='bbox 441 1739 477 1784; x_wconf 84' lang='lat' dir='ltr'>ex</span> <span class='ocrx_word' id='word_1_94' title='bbox 499 1721 630 1786; x_wconf 86' lang='lat' dir='ltr'>aliarum</span> <span class='ocrx_word' id='word_1_95' title='bbox 653 1721 817 1786; x_wconf 79' lang='lat' dir='ltr'>civitatum</span> <span class='ocrx_word' id='word_1_96' title='bbox 839 1720 988 1803; x_wconf 85' lang='lat' dir='ltr'>exemplis</span> <span class='ocrx_word' id='word_1_97' title='bbox 1011 1720 1135 1804; x_wconf 85' lang='lat' dir='ltr'>singula</span> <span class='ocrx_word' id='word_1_98' title='bbox 1159 1719 1321 1785; x_wconf 88' lang='lat' dir='ltr'>restituere</span> <span class='ocrx_word' id='word_1_99' title='bbox 1344 1719 1450 1784; x_wconf 88' lang='lat' dir='ltr'>eonari</span> 
     </span>
     <span class='ocr_line' id='line_1_13' title="bbox 322 1822 444 1888; baseline -0.008 0"><span class='ocrx_word' id='word_1_100' title='bbox 322 1822 444 1888; x_wconf 88' lang='lat' dir='ltr'>attinet.</span> 
     </span>
    </p>

    <p class='ocr_par' dir='ltr' id='par_1_3' title="bbox 321 1923 1451 2814">
     <span class='ocr_line' id='line_1_14' title="bbox 425 1923 1449 2008; baseline -0.004 -16"><span class='ocrx_word' id='word_1_101' title='bbox 425 1926 486 1992; x_wconf 85' lang='lat' dir='ltr'>Sed</span> <span class='ocrx_word' id='word_1_102' title='bbox 508 1926 604 1992; x_wconf 89' lang='lat' dir='ltr'>etiam</span> <span class='ocrx_word' id='word_1_103' title='bbox 626 1927 865 1992; x_wconf 73' lang='lat' dir='ltr'>Atheniensium</span> <span class='ocrx_word' id='word_1_104' title='bbox 887 1925 968 1991; x_wconf 91' lang='lat' dir='ltr'>illud</span> <span class='ocrx_word' id='word_1_105' title='bbox 989 1925 1156 2008; x_wconf 88' lang='lat' dir='ltr'>imperinm</span> <span class='ocrx_word' id='word_1_106' title='bbox 1178 1943 1240 1990; x_wconf 92' lang='lat' dir='ltr'>non</span> <span class='ocrx_word' id='word_1_107' title='bbox 1262 1923 1316 1989; x_wconf 93' lang='lat' dir='ltr'>diu</span> <span class='ocrx_word' id='word_1_108' title='bbox 1337 1924 1449 2006; x_wconf 82' lang='lat' dir='ltr'>riguit.</span> 
     </span>
     <span class='ocr_line' id='line_1_15' title="bbox 321 2029 1449 2110; baseline -0.003 -16"><span class='ocrx_word' id='word_1_109' title='bbox 321 2030 557 2096; x_wconf 76' lang='lat' dir='ltr'>Lacedaemonii</span> <span class='ocrx_word' id='word_1_110' title='bbox 594 2030 677 2094; x_wconf 90' lang='lat' dir='ltr'>enim</span> <span class='ocrx_word' id='word_1_111' title='bbox 708 2029 863 2096; x_wconf 77' lang='lat' dir='ltr'>Cononem</span> <span class='ocrx_word' id='word_1_112' title='bbox 894 2030 977 2110; x_wconf 90' lang='lat' dir='ltr'>apud</span> <span class='ocrx_word' id='word_1_113' title='bbox 1008 2029 1184 2094; x_wconf 82' lang='lat' dir='ltr'>Tiribazum</span> <span class='ocrx_word' id='word_1_114' title='bbox 1217 2029 1449 2105; x_wconf 81' lang='lat' dir='ltr'>aoousaverunt,</span> 
     </span>
     <span class='ocr_line' id='line_1_16' title="bbox 321 2131 1450 2218; baseline -0.001 -24"><span class='ocrx_word' id='word_1_115' title='bbox 321 2133 368 2196; x_wconf 83' lang='grc' dir='ltr'>ὅτι</span> <span class='ocrx_word' id='word_1_116' title='bbox 391 2169 432 2180; x_wconf 92' lang='grc'>-</span> <span class='ocrx_word' id='word_1_117' title='bbox 455 2132 511 2209; x_wconf 81' lang='grc' dir='ltr'>τοὶς</span> <span class='ocrx_word' id='word_1_118' title='bbox 532 2153 569 2197; x_wconf 91' lang='grc' dir='ltr'>τε</span> <span class='ocrx_word' id='word_1_119' title='bbox 590 2131 705 2217; x_wconf 82' lang='grc' dir='ltr'><strong>νήσους</strong></span> <span class='ocrx_word' id='word_1_120' title='bbox 737 2136 870 2210; x_wconf 77' lang='grc' dir='ltr'><strong>καὶτὰς</strong></span> <span class='ocrx_word' id='word_1_121' title='bbox 893 2133 926 2197; x_wconf 85' lang='grc' dir='ltr'>ἐν</span> <span class='ocrx_word' id='word_1_122' title='bbox 952 2143 992 2218; x_wconf 75' lang='grc' dir='ltr'>τῇ</span> <span class='ocrx_word' id='word_1_123' title='bbox 1016 2131 1135 2218; x_wconf 77' lang='grc' dir='ltr'><strong>ἠπείρῳ</strong></span> <span class='ocrx_word' id='word_1_124' title='bbox 1167 2133 1254 2216; x_wconf 82' lang='grc' dir='ltr'><strong>παρὰ</strong></span> <span class='ocrx_word' id='word_1_125' title='bbox 1283 2131 1450 2198; x_wconf 70' lang='grc' dir='ltr'><strong>θάλατταν</strong></span> 
     </span>
     <span class='ocr_line' id='line_1_17' title="bbox 321 2233 1450 2320; baseline -0.003 -22"><span class='ocrx_word' id='word_1_126' title='bbox 321 2233 428 2312; x_wconf 82' lang='grc' dir='ltr'><strong>πόλεις</strong></span> <span class='ocrx_word' id='word_1_127' title='bbox 460 2233 645 2320; x_wconf 73' lang='grc' dir='ltr'><strong>Ἀθηναίοις</strong></span> <span class='ocrx_word' id='word_1_128' title='bbox 675 2235 849 2320; x_wconf 79' lang='grc' dir='ltr'><strong>εὐτρεπίζοι</strong></span> <span class='ocrx_word' id='word_1_129' title='bbox 861 2235 896 2318; x_wconf 78' lang='lat'>²),</span> <span class='ocrx_word' id='word_1_130' title='bbox 928 2235 1101 2318; x_wconf 80' lang='lat' dir='ltr'>Persasque</span> <span class='ocrx_word' id='word_1_131' title='bbox 1134 2234 1173 2300; x_wconf 86' lang='lat' dir='ltr'>ab</span> <span class='ocrx_word' id='word_1_132' title='bbox 1207 2233 1450 2299; x_wconf 69' lang='lat' dir='ltr'>Atheniensibus</span> 
     </span>
     <span class='ocr_line' id='line_1_18' title="bbox 322 2337 1451 2420; baseline -0.002 -18"><span class='ocrx_word' id='word_1_133' title='bbox 322 2338 539 2404; x_wconf 81' lang='lat' dir='ltr'>distraxerunt.</span> <span class='ocrx_word' id='word_1_134' title='bbox 584 2338 717 2420; x_wconf 89' lang='lat' dir='ltr'>Ideoque</span> <span class='ocrx_word' id='word_1_135' title='bbox 739 2337 855 2404; x_wconf 88' lang='lat' dir='ltr'>Persae</span> <span class='ocrx_word' id='word_1_136' title='bbox 878 2357 906 2403; x_wconf 87' lang='lat' dir='ltr'>a.</span> <span class='ocrx_word' id='word_1_137' title='bbox 928 2337 993 2402; x_wconf 86' lang='grc'>386</span> <span class='ocrx_word' id='word_1_138' title='bbox 1016 2357 1051 2404; x_wconf 85' lang='grc' dir='ltr'>ου</span> <span class='ocrx_word' id='word_1_139' title='bbox 1073 2338 1222 2404; x_wconf 87' lang='lat' dir='ltr'>libentius</span> <span class='ocrx_word' id='word_1_140' title='bbox 1237 2355 1347 2420; x_wconf 89' lang='lat' dir='ltr'>paoem</span> <span class='ocrx_word' id='word_1_141' title='bbox 1360 2337 1451 2401; x_wconf 88' lang='lat' dir='ltr'>illam</span> 
     </span>
     <span class='ocr_line' id='line_1_19' title="bbox 323 2440 1449 2531; baseline -0.001 -26"><span class='ocrx_word' id='word_1_142' title='bbox 323 2441 497 2518; x_wconf 80' lang='lat' dir='ltr'>sanxerunt,</span> <span class='ocrx_word' id='word_1_143' title='bbox 521 2459 613 2523; x_wconf 86' lang='lat' dir='ltr'>quam</span> <span class='ocrx_word' id='word_1_144' title='bbox 635 2441 755 2524; x_wconf 76' lang='lat' dir='ltr'>regiam</span> <span class='ocrx_word' id='word_1_145' title='bbox 778 2441 843 2506; x_wconf 88' lang='lat' dir='ltr'>sive</span> <span class='ocrx_word' id='word_1_146' title='bbox 875 2441 1060 2506; x_wconf 88' lang='lat' dir='ltr'>Antaloidae</span> <span class='ocrx_word' id='word_1_147' title='bbox 1091 2441 1192 2506; x_wconf 91' lang='lat' dir='ltr'>dieere</span> <span class='ocrx_word' id='word_1_148' title='bbox 1218 2440 1449 2531; x_wconf 10' lang='lat' dir='ltr'>‘consuevimus</span> 
     </span>
     <span class='ocr_line' id='line_1_20' title="bbox 322 2543 1450 2628; baseline -0.001 -21"><span class='ocrx_word' id='word_1_149' title='bbox 322 2543 527 2608; x_wconf 82' lang='lat' dir='ltr'>Athenienses</span> <span class='ocrx_word' id='word_1_150' title='bbox 550 2544 594 2625; x_wconf 90' lang='lat' dir='ltr'>(si</span> <span class='ocrx_word' id='word_1_151' title='bbox 624 2544 785 2622; x_wconf 81' lang='lat' dir='ltr'>Lemnum,</span> <span class='ocrx_word' id='word_1_152' title='bbox 810 2543 949 2628; x_wconf 78' lang='lat' dir='ltr'>Scyrum,</span> <span class='ocrx_word' id='word_1_153' title='bbox 981 2544 1121 2609; x_wconf 88' lang='lat' dir='ltr'>Imbrum</span> <span class='ocrx_word' id='word_1_154' title='bbox 1153 2544 1321 2627; x_wconf 84' lang='lat' dir='ltr'>exeeperia)</span> <span class='ocrx_word' id='word_1_155' title='bbox 1344 2561 1450 2608; x_wconf 89' lang='lat' dir='ltr'>omnes</span> 
     </span>
     <span class='ocr_line' id='line_1_21' title="bbox 323 2645 1450 2732; baseline 0 -22"><span class='ocrx_word' id='word_1_156' title='bbox 323 2647 421 2711; x_wconf 90' lang='lat' dir='ltr'>soeios</span> <span class='ocrx_word' id='word_1_157' title='bbox 445 2647 614 2712; x_wconf 86' lang='lat' dir='ltr'>amiserunt</span> <span class='ocrx_word' id='word_1_158' title='bbox 632 2647 663 2712; x_wconf 93' lang='lat' dir='ltr'>et</span> <span class='ocrx_word' id='word_1_159' title='bbox 685 2646 926 2730; x_wconf 86' lang='lat' dir='ltr'>uniuscuiusque</span> <span class='ocrx_word' id='word_1_160' title='bbox 960 2647 1095 2713; x_wconf 81' lang='lat' dir='ltr'>civitatis</span> <span class='ocrx_word' id='word_1_161' title='bbox 1127 2645 1296 2732; x_wconf 77' lang='grc' dir='ltr'><strong>αὐτονομία</strong></span> <span class='ocrx_word' id='word_1_162' title='bbox 1334 2645 1450 2712; x_wconf 89' lang='lat' dir='ltr'>eonsti-</span> 
     </span>
     <span class='ocr_line' id='line_1_22' title="bbox 322 2749 471 2814; baseline 0.013 -2"><span class='ocrx_word' id='word_1_163' title='bbox 322 2749 392 2814; x_wconf 86' lang='lat' dir='ltr'>tnta</span> <span class='ocrx_word' id='word_1_164' title='bbox 414 2751 471 2814; x_wconf 89' lang='lat' dir='ltr'>est.</span> 
     </span>
    </p>

    <p class='ocr_par' dir='ltr' id='par_1_4' title="bbox 323 2851 1451 3330">
     <span class='ocr_line' id='line_1_23' title="bbox 426 2851 1450 2934; baseline 0 -18"><span class='ocrx_word' id='word_1_165' title='bbox 426 2851 495 2932; x_wconf 79' lang='lat' dir='ltr'>Qua</span> <span class='ocrx_word' id='word_1_166' title='bbox 518 2853 696 2919; x_wconf 88' lang='lat' dir='ltr'>eondieione</span> <span class='ocrx_word' id='word_1_167' title='bbox 719 2853 772 2918; x_wconf 82' lang='lat' dir='ltr'>Cei</span> <span class='ocrx_word' id='word_1_168' title='bbox 794 2853 1027 2934; x_wconf 80' lang='lat' dir='ltr'>insequentibus</span> <span class='ocrx_word' id='word_1_169' title='bbox 1051 2853 1140 2918; x_wconf 90' lang='lat' dir='ltr'>annis</span> <span class='ocrx_word' id='word_1_170' title='bbox 1171 2853 1221 2918; x_wconf 89' lang='lat' dir='ltr'>usi</span> <span class='ocrx_word' id='word_1_171' title='bbox 1250 2852 1363 2930; x_wconf 70' lang='lat' dir='ltr'>essent.</span> <span class='ocrx_word' id='word_1_172' title='bbox 1394 2851 1450 2916; x_wconf 91' lang='lat' dir='ltr'>ad-</span> 
     </span>
     <span class='ocr_line' id='line_1_24' title="bbox 323 2953 1451 3040; baseline -0.001 -21"><span class='ocrx_word' id='word_1_173' title='bbox 323 2955 383 3020; x_wconf 91' lang='lat' dir='ltr'>hue</span> <span class='ocrx_word' id='word_1_174' title='bbox 402 2974 529 3037; x_wconf 87' lang='lat' dir='ltr'>prorsus</span> <span class='ocrx_word' id='word_1_175' title='bbox 551 2957 694 3040; x_wconf 80' lang='lat' dir='ltr'>ignotum</span> <span class='ocrx_word' id='word_1_176' title='bbox 717 2957 793 3020; x_wconf 86' lang='lat' dir='ltr'>erat.</span> <span class='ocrx_word' id='word_1_177' title='bbox 847 2956 927 3020; x_wconf 89' lang='lat' dir='ltr'>Mihi</span> <span class='ocrx_word' id='word_1_178' title='bbox 957 2955 1083 3038; x_wconf 91' lang='lat' dir='ltr'>quidem</span> <span class='ocrx_word' id='word_1_179' title='bbox 1113 2974 1295 3037; x_wconf 85' lang='lat' dir='ltr'>persuasum</span> <span class='ocrx_word' id='word_1_180' title='bbox 1319 2955 1367 3019; x_wconf 89' lang='lat' dir='ltr'>est</span> <span class='ocrx_word' id='word_1_181' title='bbox 1398 2953 1451 3020; x_wconf 79' lang='lat' dir='ltr'>dei</span> 
     </span>
     <span class='ocr_line' id='line_1_25' title="bbox 323 3057 1451 3142; baseline 0.001 -22"><span class='ocrx_word' id='word_1_182' title='bbox 323 3058 444 3123; x_wconf 89' lang='lat' dir='ltr'>insulae</span> <span class='ocrx_word' id='word_1_183' title='bbox 465 3059 556 3124; x_wconf 89' lang='lat' dir='ltr'>urbes</span> <span class='ocrx_word' id='word_1_184' title='bbox 581 3059 652 3141; x_wconf 91' lang='lat' dir='ltr'>post</span> <span class='ocrx_word' id='word_1_185' title='bbox 673 3076 784 3141; x_wconf 86' lang='lat' dir='ltr'>paoem</span> <span class='ocrx_word' id='word_1_186' title='bbox 807 3057 896 3122; x_wconf 86' lang='lat' dir='ltr'>iliam</span> <span class='ocrx_word' id='word_1_187' title='bbox 920 3059 1054 3141; x_wconf 88' lang='lat' dir='ltr'>priorem</span> <span class='ocrx_word' id='word_1_188' title='bbox 1086 3077 1181 3142; x_wconf 92' lang='lat' dir='ltr'>quam</span> <span class='ocrx_word' id='word_1_189' title='bbox 1211 3058 1274 3122; x_wconf 86' lang='lat' dir='ltr'>dixi</span> <span class='ocrx_word' id='word_1_190' title='bbox 1301 3057 1451 3142; x_wconf 84' lang='lat' dir='ltr'>sympoli-</span> 
     </span>
     <span class='ocr_line' id='line_1_26' title="bbox 323 3160 1450 3241; baseline 0.001 -16"><span class='ocrx_word' id='word_1_191' title='bbox 323 3161 401 3226; x_wconf 90' lang='lat' dir='ltr'>tiam</span> <span class='ocrx_word' id='word_1_192' title='bbox 424 3161 611 3228; x_wconf 88' lang='lat' dir='ltr'>dissolvisse.</span> <span class='ocrx_word' id='word_1_193' title='bbox 657 3160 746 3241; x_wconf 83' lang='lat' dir='ltr'>Quod</span> <span class='ocrx_word' id='word_1_194' title='bbox 770 3163 805 3226; x_wconf 90' lang='lat' dir='ltr'>ut</span> <span class='ocrx_word' id='word_1_195' title='bbox 828 3162 1045 3240; x_wconf 81' lang='lat' dir='ltr'>demonstrem,</span> <span class='ocrx_word' id='word_1_196' title='bbox 1068 3181 1192 3228; x_wconf 88' lang='lat' dir='ltr'>neeesse</span> <span class='ocrx_word' id='word_1_197' title='bbox 1220 3163 1267 3227; x_wconf 88' lang='lat' dir='ltr'>est</span> <span class='ocrx_word' id='word_1_198' title='bbox 1299 3161 1339 3228; x_wconf 89' lang='lat' dir='ltr'>ad</span> <span class='ocrx_word' id='word_1_199' title='bbox 1370 3161 1450 3226; x_wconf 87' lang='lat' dir='ltr'>alte·</span> 
     </span>
     <span class='ocr_line' id='line_1_27' title="bbox 323 3264 1021 3330; baseline 0.001 -1"><span class='ocrx_word' id='word_1_200' title='bbox 323 3283 390 3330; x_wconf 91' lang='lat' dir='ltr'>ram</span> <span class='ocrx_word' id='word_1_201' title='bbox 413 3265 593 3330; x_wconf 80' lang='lat' dir='ltr'>societatem</span> <span class='ocrx_word' id='word_1_202' title='bbox 615 3265 806 3330; x_wconf 90' lang='lat' dir='ltr'>maritimam</span> <span class='ocrx_word' id='word_1_203' title='bbox 830 3264 1021 3330; x_wconf 86' lang='lat' dir='ltr'>accedamus.</span> 
     </span>
    </p>

    <p class='ocr_par' dir='ltr' id='par_1_5' title="bbox 323 3366 1452 3862">
     <span class='ocr_line' id='line_1_28' title="bbox 427 3366 1450 3447; baseline 0 -15"><span class='ocrx_word' id='word_1_204' title='bbox 427 3366 587 3447; x_wconf 78' lang='lat' dir='ltr'>Quomodo</span> <span class='ocrx_word' id='word_1_205' title='bbox 610 3368 733 3434; x_wconf 77' lang='lat' dir='ltr'>Thebae</span> <span class='ocrx_word' id='word_1_206' title='bbox 757 3388 775 3434; x_wconf 88' lang='lat' dir='ltr'>a</span> <span class='ocrx_word' id='word_1_207' title='bbox 797 3367 1113 3434; x_wconf 78' lang='lat' dir='ltr'>Lacedaemoniorum</span> <span class='ocrx_word' id='word_1_208' title='bbox 1140 3366 1348 3434; x_wconf 86' lang='lat' dir='ltr'>dominatione</span> <span class='ocrx_word' id='word_1_209' title='bbox 1369 3367 1450 3433; x_wconf 90' lang='lat' dir='ltr'>libe·</span> 
     </span>
     <span class='ocr_line' id='line_1_29' title="bbox 323 3470 1451 3553; baseline 0 -19"><span class='ocrx_word' id='word_1_210' title='bbox 323 3471 409 3535; x_wconf 91' lang='lat' dir='ltr'>ratae</span> <span class='ocrx_word' id='word_1_211' title='bbox 431 3471 503 3550; x_wconf 81' lang='lat' dir='ltr'>sint,</span> <span class='ocrx_word' id='word_1_212' title='bbox 527 3471 680 3553; x_wconf 89' lang='lat' dir='ltr'>quomodo</span> <span class='ocrx_word' id='word_1_213' title='bbox 703 3491 739 3536; x_wconf 85' lang='lat' dir='ltr'>ex</span> <span class='ocrx_word' id='word_1_214' title='bbox 770 3489 806 3537; x_wconf 90' lang='lat' dir='ltr'>eo</span> <span class='ocrx_word' id='word_1_215' title='bbox 837 3470 954 3536; x_wconf 92' lang='lat' dir='ltr'>bellum</span> <span class='ocrx_word' id='word_1_216' title='bbox 989 3471 1153 3536; x_wconf 88' lang='lat' dir='ltr'>Boeotium</span> <span class='ocrx_word' id='word_1_217' title='bbox 1185 3470 1342 3550; x_wconf 79' lang='lat' dir='ltr'>exarserit,</span> <span class='ocrx_word' id='word_1_218' title='bbox 1375 3488 1451 3553; x_wconf 89' lang='lat' dir='ltr'>quo·</span> 
     </span>
     <span class='ocr_line' id='line_1_30' title="bbox 323 3571 1452 3655; baseline 0.001 -20"><span class='ocrx_word' id='word_1_219' title='bbox 323 3571 415 3636; x_wconf 90' lang='lat' dir='ltr'>modo</span> <span class='ocrx_word' id='word_1_220' title='bbox 439 3591 467 3637; x_wconf 90' lang='lat' dir='ltr'>a.</span> <span class='ocrx_word' id='word_1_221' title='bbox 490 3571 554 3635; x_wconf 83' lang='grc'>378</span> <span class='ocrx_word' id='word_1_222' title='bbox 577 3573 677 3637; x_wconf 89' lang='lat' dir='ltr'>altera</span> <span class='ocrx_word' id='word_1_223' title='bbox 699 3573 830 3638; x_wconf 82' lang='lat' dir='ltr'>societas</span> <span class='ocrx_word' id='word_1_224' title='bbox 853 3574 1013 3639; x_wconf 89' lang='lat' dir='ltr'>maritima</span> <span class='ocrx_word' id='word_1_225' title='bbox 1034 3573 1117 3638; x_wconf 88' lang='lat' dir='ltr'>faeta</span> <span class='ocrx_word' id='word_1_226' title='bbox 1148 3572 1198 3652; x_wconf 82' lang='lat' dir='ltr'>sit,</span> <span class='ocrx_word' id='word_1_227' title='bbox 1224 3573 1337 3655; x_wconf 91' lang='lat' dir='ltr'>quique</span> <span class='ocrx_word' id='word_1_228' title='bbox 1358 3571 1452 3655; x_wconf 93' lang='lat' dir='ltr'>primi</span> 
     </span>
     <span class='ocr_line' id='line_1_31' title="bbox 324 3673 1451 3754; baseline 0.003 -17"><span class='ocrx_word' id='word_1_229' title='bbox 324 3673 364 3737; x_wconf 90' lang='lat' dir='ltr'>ad</span> <span class='ocrx_word' id='word_1_230' title='bbox 386 3674 567 3739; x_wconf 86' lang='lat' dir='ltr'>serietatem</span> <span class='ocrx_word' id='word_1_231' title='bbox 581 3675 670 3740; x_wconf 88' lang='lat' dir='ltr'>illam</span> <span class='ocrx_word' id='word_1_232' title='bbox 687 3677 882 3754; x_wconf 82' lang='lat' dir='ltr'>adcesserint,</span> <span class='ocrx_word' id='word_1_233' title='bbox 898 3677 1096 3741; x_wconf 89' lang='lat' dir='ltr'>notissimum</span> <span class='ocrx_word' id='word_1_234' title='bbox 1107 3677 1165 3742; x_wconf 89' lang='lat' dir='ltr'>est.</span> <span class='ocrx_word' id='word_1_235' title='bbox 1209 3676 1254 3741; x_wconf 94' lang='lat' dir='ltr'>At</span> <span class='ocrx_word' id='word_1_236' title='bbox 1269 3695 1340 3742; x_wconf 89' lang='lat' dir='ltr'>vero</span> <span class='ocrx_word' id='word_1_237' title='bbox 1353 3675 1451 3740; x_wconf 86' lang='lat' dir='ltr'>Laee-</span> 
     </span>
     <span class='ocr_line' id='line_1_32' title="bbox 325 3773 1451 3862; baseline 0.004 -22"><span class='ocrx_word' id='word_1_238' title='bbox 325 3773 490 3856; x_wconf 86' lang='lat' dir='ltr'>daemonii‚</span> <span class='ocrx_word' id='word_1_239' title='bbox 512 3796 584 3843; x_wconf 90' lang='lat' dir='ltr'>eum</span> <span class='ocrx_word' id='word_1_240' title='bbox 606 3779 722 3843; x_wconf 89' lang='lat' dir='ltr'>erebris</span> <span class='ocrx_word' id='word_1_241' title='bbox 744 3779 972 3844; x_wconf 82' lang='lat' dir='ltr'>incursionibus</span> <span class='ocrx_word' id='word_1_242' title='bbox 994 3779 1074 3844; x_wconf 86' lang='lat' dir='ltr'>nihil</span> <span class='ocrx_word' id='word_1_243' title='bbox 1105 3778 1317 3862; x_wconf 76' lang='lat' dir='ltr'>profecissent,</span> <span class='ocrx_word' id='word_1_244' title='bbox 1351 3777 1451 3844; x_wconf 92' lang='lat' dir='ltr'>Athe·</span> 
     </span>
    </p>
   </div>
   <div class='ocr_carea' id='block_1_3' title="bbox 324 4051 1452 4466">
    <p class='ocr_par' dir='ltr' id='par_1_6' title="bbox 324 4051 1452 4381">
     <span class='ocr_line' id='line_1_33' title="bbox 428 4051 1452 4122; baseline 0.003 -16"><span class='ocrx_word' id='word_1_245' title='bbox 428 4051 454 4120; x_wconf 84' lang='lat'>1)</span> <span class='ocrx_word' id='word_1_246' title='bbox 473 4053 515 4106; x_wconf 90' lang='lat' dir='ltr'>De</span> <span class='ocrx_word' id='word_1_247' title='bbox 532 4053 587 4107; x_wconf 88' lang='lat' dir='ltr'>hae</span> <span class='ocrx_word' id='word_1_248' title='bbox 603 4051 819 4108; x_wconf 83' lang='lat' dir='ltr'>Atheniensium</span> <span class='ocrx_word' id='word_1_249' title='bbox 836 4055 948 4122; x_wconf 87' lang='lat' dir='ltr'>imperii</span> <span class='ocrx_word' id='word_1_250' title='bbox 965 4055 1146 4111; x_wconf 71' lang='lat' dir='ltr'>restitutione</span> <span class='ocrx_word' id='word_1_251' title='bbox 1164 4055 1199 4110; x_wconf 85' lang='lat' dir='ltr'>ef.</span> <span class='ocrx_word' id='word_1_252' title='bbox 1217 4053 1355 4122; x_wconf 88' lang='lat' dir='ltr'>imprimis</span> <span class='ocrx_word' id='word_1_253' title='bbox 1374 4054 1452 4109; x_wconf 81' lang='lat' dir='ltr'>Swo·</span> 
     </span>
     <span class='ocr_line' id='line_1_34' title="bbox 324 4137 1451 4210; baseline 0.005 -19"><span class='ocrx_word' id='word_1_254' title='bbox 324 4137 405 4202; x_wconf 88' lang='lat' dir='ltr'>boda,</span> <span class='ocrx_word' id='word_1_255' title='bbox 423 4137 512 4193; x_wconf 85' lang='lat' dir='ltr'>Mitth.</span> <span class='ocrx_word' id='word_1_256' title='bbox 541 4140 566 4194; x_wconf 92' lang='lat' dir='ltr'>d.</span> <span class='ocrx_word' id='word_1_257' title='bbox 596 4141 621 4194; x_wconf 86' lang='lat' dir='ltr'>d.</span> <span class='ocrx_word' id='word_1_258' title='bbox 649 4140 724 4194; x_wconf 87' lang='lat' dir='ltr'>areb.</span> <span class='ocrx_word' id='word_1_259' title='bbox 753 4141 819 4194; x_wconf 90' lang='lat' dir='ltr'>Inst.</span> <span class='ocrx_word' id='word_1_260' title='bbox 839 4141 889 4194; x_wconf 88' lang='lat' dir='ltr'>VH</span> <span class='ocrx_word' id='word_1_261' title='bbox 907 4139 995 4210; x_wconf 80' lang='lat'>(1882)</span> <span class='ocrx_word' id='word_1_262' title='bbox 1022 4157 1049 4210; x_wconf 90' lang='lat' dir='ltr'>p.</span> <span class='ocrx_word' id='word_1_263' title='bbox 1068 4142 1120 4197; x_wconf 80' lang='lat'>174</span> <span class='ocrx_word' id='word_1_264' title='bbox 1143 4155 1193 4210; x_wconf 71' lang='lat' dir='ltr'>sq„</span> <span class='ocrx_word' id='word_1_265' title='bbox 1221 4142 1301 4209; x_wconf 91' lang='lat' dir='ltr'>impr.</span> <span class='ocrx_word' id='word_1_266' title='bbox 1328 4156 1355 4209; x_wconf 92' lang='lat' dir='ltr'>p.</span> <span class='ocrx_word' id='word_1_267' title='bbox 1383 4141 1451 4208; x_wconf 86' lang='grc' dir='ltr'>19ος</span> 
     </span>
     <span class='ocr_line' id='line_1_35' title="bbox 324 4221 1450 4344; baseline 0.002 -67"><span class='ocrx_word' id='word_1_268' title='bbox 324 4221 456 4288; x_wconf 88' lang='lat' dir='ltr'>Koehler,</span> <span class='ocrx_word' id='word_1_269' title='bbox 474 4225 540 4280; x_wconf 90' lang='lat' dir='ltr'>ibid</span> <span class='ocrx_word' id='word_1_270' title='bbox 559 4239 585 4292; x_wconf 91' lang='lat' dir='ltr'>p.</span> <span class='ocrx_word' id='word_1_271' title='bbox 603 4225 655 4280; x_wconf 85' lang='grc'>313</span> <span class='ocrx_word' id='word_1_272' title='bbox 673 4239 722 4294; x_wconf 88' lang='lat' dir='ltr'>sq;</span> <span class='ocrx_word' id='word_1_273' title='bbox 741 4225 856 4290; x_wconf 88' lang='lat' dir='ltr'>Beloeb,</span> <span class='ocrx_word' id='word_1_274' title='bbox 877 4226 1076 4296; x_wconf 72' lang='lat' dir='ltr'>baronto.</span> <span class='ocrx_word' id='word_1_275' title='bbox 1094 4228 1218 4296; x_wconf 47' lang='grc' dir='ltr'><strong>οπεος</strong></span> <span class='ocrx_word' id='word_1_276' title='bbox 1236 4225 1328 4290; x_wconf 82' lang='lat' dir='ltr'>Stenn,</span> <span class='ocrx_word' id='word_1_277' title='bbox 1348 4225 1450 4344; x_wconf 82' lang='lat' dir='ltr'>Gasoh</span> 
     </span>
     <span class='ocr_line' id='line_1_36' title="bbox 325 4309 876 4381; baseline 0.007 -17"><span class='ocrx_word' id='word_1_278' title='bbox 325 4309 351 4364; x_wconf 89' lang='lat' dir='ltr'>d.</span> <span class='ocrx_word' id='word_1_279' title='bbox 369 4313 455 4379; x_wconf 87' lang='lat' dir='ltr'>spart</span> <span class='ocrx_word' id='word_1_280' title='bbox 474 4326 501 4366; x_wconf 91' lang='lat' dir='ltr'>u.</span> <span class='ocrx_word' id='word_1_281' title='bbox 520 4312 596 4366; x_wconf 90' lang='lat' dir='ltr'>theb.</span> <span class='ocrx_word' id='word_1_282' title='bbox 614 4313 729 4380; x_wconf 80' lang='lat' dir='ltr'>Hegem</span> <span class='ocrx_word' id='word_1_283' title='bbox 756 4328 782 4381; x_wconf 93' lang='lat' dir='ltr'>p</span> <span class='ocrx_word' id='word_1_284' title='bbox 802 4314 876 4381; x_wconf 89' lang='lat' dir='ltr'>lsq</span> 
     </span>
    </p>

    <p class='ocr_par' dir='ltr' id='par_1_7' title="bbox 427 4397 847 4466">
     <span class='ocr_line' id='line_1_37' title="bbox 427 4397 847 4466; baseline 0.005 -14"><span class='ocrx_word' id='word_1_285' title='bbox 427 4397 847 4466; x_wconf 80' lang='lat' dir='ltr'>2)ef.Xen.Hell.1V8,12.</span> 
     </span>
    </p>
   </div>
   <div class='ocr_carea' id='block_1_4' title="bbox 0 0 1676 5314">
    <p class='ocr_par' dir='ltr' id='par_1_8' title="bbox 0 0 1676 5314">
     <span class='ocr_line' id='line_1_38' title="bbox 0 0 1676 5314; baseline 0 0"><span class='ocrx_word' id='word_1_286' title='bbox 0 0 1676 5314; x_wconf 95' lang='lat' dir='ltr'> </span> 
     </span>
    </p>
   </div>
  </div>
 </body>
</html>
