3322 5302
746 509 788 574 87

207 733 259 778 σαι
281 715 315 778 δὲ
338 715 377 801 ἐμ
399 714 567 799 Πυθίαν...
593 713 675 798 ἄρξω
697 713 770 801 τή[ν
793 715 916 800 ἀρχ]ἡν
940 712 1012 802 [issa
1042 714 1219 798 bonaur...
1257 709 1330 798 rb[]

206 817 259 903 ἂ[ν
290 815 444 903 δύνωμαι]
477 821 589 902 ἄριστα
611 820 668 881 καὶ
698 816 950 904 κάλλ[ιστα....]
983 819 1033 881 ναὶ
1055 813 1329 902 stebecnam,

207 918 489 1007 restruere..-
715 997 718 1003 ,

309 1021 417 1104 Neque
439 1020 519 1086 illud
540 1021 665 1089 videtur
686 1023 892 1090 emittendum
908 1041 976 1088 esse
990 1023 1097 1088 exacto
1116 1041 1205 1101 arrno,
1223 1021 1249 1086 si
1263 1037 1331 1084 ma-

205 1124 355 1206 gistratus
377 1142 503 1190 munere
527 1143 598 1189 cum
620 1125 711 1190 laude
733 1125 833 1190 functi
854 1125 1041 1203 uiderentur,
1056 1123 1223 1205 unicuique
1238 1121 1332 1187 colla·

204 1227 255 1309 gio
278 1227 421 1291 universo
442 1226 567 1293 honoris
591 1245 684 1292 causa
716 1243 860 1293 coronam
884 1248 903 1293 a
924 1227 1038 1310 populo
1072 1226 1227 1291 decretam
1250 1241 1330 1303 esse3

206 1329 245 1394 cf.
268 1349 298 1394 n..
324 1330 366 1392 14
388 1329 443 1394 ubi
465 1331 589 1412 singula
610 1331 852 1414 magistratuum
874 1329 1007 1412 collegia
1029 1347 1092 1394 una
1107 1347 1251 1394 coronam
1274 1327 1331 1424 deo
1389 1351 1394 1358 ·

206 1432 361 1510 dedicant,
385 1430 419 1496 id
441 1429 524 1514 quod
545 1433 700 1497 Halbherr
722 1433 787 1497 iure
810 1434 917 1497 contra
934 1431 1127 1497 Boeckhium
1149 1429 1331 1513 disputarit.

308 1533 413 1600 Unum
434 1535 636 1618 restatquod
657 1553 781 1601 monere
803 1537 916 1602 velim:
941 1537 1070 1619 apparet
1091 1535 1123 1599 in
1145 1535 1249 1600 insula
1271 1531 1332 1598 Ceo

205 1638 408 1719 magistratus
430 1637 512 1702 sicut
534 1637 664 1704 Athonis
687 1639 782 1704 etiam
813 1637 984 1725 ἡγεμονίαν
1006 1635 1210 1722 δικαστηρίου
1231 1635 1331 1700 babu-

204 1741 266 1807 isse
287 1743 321 1806 in
344 1743 486 1807 omnibus
521 1742 622 1823 rebus,
654 1762 733 1826 quac
766 1744 807 1808 ad
839 1761 944 1808 eorum
978 1761 1089 1807 munus
1122 1738 1331 1823 pertinerent3

206 1844 287 1927 quod
309 1845 455 1928 colligere
477 1864 641 1927 possumus
663 1865 700 1910 er
720 1846 769 1924 iis,
793 1864 871 1929 quae
893 1845 931 1910 de
945 1843 1140 1910 Coresiorum
1162 1841 1331 1926 astynomis

203 1946 454 2029 balistarumque
476 1948 625 2029 prestabis
647 1947 764 2014 tradita
786 1948 859 2012 sunt
882 1947 925 2031 (n.
951 1945 1037 2028 128).

306 2048 553 2134 Magistratuum
575 2051 701 2115 nomina
722 2069 877 2132 perpauca
900 2049 940 2114 ad
961 2068 1016 2113 nos
1039 2047 1254 2129 peruenerunt
1277 2065 1331 2112 ne-

206 2170 264 2234 que
288 2171 324 2217 er
345 2152 446 2217 titulis
468 2153 582 2234 ubique
604 2153 680 2217 satis
704 2155 785 2217 certa
809 2152 953 2235 colligere
984 2139 1157 2233 possumus
1181 2168 1259 2230 quae
1282 2149 1331 2214 fu·

206 2255 265 2320 erit
286 2255 482 2339 singulorum
503 2255 744 2336 magistratuum
767 2255 924 2337 potestas3
947 2253 1147 2319 nibilominus
1168 2253 1264 2317 etiam
1285 2271 1331 2331 ca,

205 2357 346 2438 quamvis
370 2357 433 2422 sint
454 2375 562 2439 pauca,
587 2359 760 2422 accuratius
783 2357 963 2440 explicanda
986 2358 1067 2422 sunt.

307 2459 485 2544 Principem
506 2460 588 2525 inter
609 2460 812 2546 magistratus
834 2460 938 2525 locum
955 2459 1114 2524 obtinebat
1131 2458 1215 2524 haud
1238 2458 1330 2523 dubie

195 2563 364 2628 archon
377 2563 414 2644 ¹).
457 2561 589 2648 Ἄρχων
610 2561 665 2629 illo
688 2563 823 2629 civitatis
847 2569 913 2630 erat
935 2561 1109 2647 ἐπώνυμος,
1126 2582 1198 2628 nam
1219 2579 1332 2627 nomen

207 2667 273 2731 eius
295 2668 451 2732 interdum
475 2685 535 2732 uon
559 2667 660 2732 solum
682 2667 714 2732 in
737 2667 868 2732 decretis
884 2667 1052 2732 sanctionis
1067 2666 1219 2730 formulae
1241 2682 1331 2746 prae·

205 2769 397 2848 mittebatur,
421 2769 475 2835 sed
497 2769 594 2834 etiam
616 2769 648 2834 in
676 2769 793 2834 tabulis
825 2771 1023 2851 quaestorum
1053 2769 1261 2852 usurpabatur
1291 2769 1332 2834 ad

205 2871 277 2937 doni
300 2870 461 2936 cuiusdam
482 2871 606 2954 tempus
629 2870 847 2949 definiendum,
871 2870 957 2937 volut
972 2871 1024 2934 ἐπὶ
1039 2873 1192 2956 ἄρχοντος
1209 2868 1331 2947 Ἀλεξι-

205 2971 316 3049 τὲλους
337 2971 582 3059 Ἀριστοπείθης
602 2971 837 3057 Ἐρασικλεῐους
859 2971 1048 3059 χορηγήσας
1068 2973 1174 3038 παισὶν
1202 2971 1245 3047 εἰς
1266 2971 1332 3056 Δῆ-

205 3076 261 3142 λον
284 3076 498 3160 στεφανωθεὶς
520 3077 580 3140 ὑπὸ
604 3085 659 3141 τσῦ
681 3076 783 3162 δήμου
805 3083 915 3161 χρυσῷ
938 3075 1082 3160 στεφάνῳ
1103 3074 1263 3161 ἀνέθηκεν
1278 3077 1333 3138 τὸν

205 3179 359 3264 στέφανον
380 3187 425 3263 τῷ
446 3178 625 3244 Ἀπόλλωνι
648 3179 791 3264 δραχμὰς
813 3178 929 3244 ἑκατόν
951 3180 995 3262 (u.
1020 3179 1062 3242 14
1083 3180 1133 3244 Ab
1157 3197 1186 3243 ν.
1203 3178 1246 3242 34
1271 3180 1331 3262 sq.)

204 3283 252 3346 De
274 3282 430 3347 archontis
452 3283 606 3363 potestate
629 3281 708 3346 nibil
731 3300 767 3346 ex
788 3283 889 3346 t’tuiis
912 3300 1016 3346 eruere
1036 3299 1212 3363 possumus,
1234 3300 1332 3362 neque

205 3383 389 3448 oratiarum
405 3383 566 3447 civitatum
584 3383 733 3464 exemplis
749 3383 872 3467 singula
893 3385 1058 3448 restituere
1082 3382 1185 3447 conari
1208 3383 1330 3448 attinet.

205 3484 314 3567 Neque
336 3484 500 3550 diiudicari
522 3486 634 3568 potest,
658 3495 747 3550 'num
769 3487 882 3552 archon
906 3486 1050 3552 similiter
1071 3487 1163 3568 atque
1187 3485 1331 3564 Athenis,

205 3585 312 3671 Deli²J
344 3589 401 3652 etc.
434 3586 593 3652 sacrificiis
624 3587 767 3671 ludisque
798 3589 974 3672 praetuerit,
1013 3589 1100 3654 verbi
1132 3606 1226 3654 causa
1256 3608 1332 3654 num

205 3709 236 3756 n.
259 3688 302 3754 66
323 3709 354 3756 ν.
375 3689 417 3754 34
441 3709 486 3773 sq.
509 3690 539 3754 in
564 3695 626 3753 τῶν
648 3690 863 3777 ἐφισταμένων
878 3711 1005 3757 numero
1021 3692 1181 3758 habendus
1197 3691 1249 3758 sit.
1286 3692 1333 3757 Ex

206 3793 396 3859 Julietarum
417 3793 468 3858 tit.
491 3813 521 3858 n.
543 3791 585 3858 37
608 3793 752 3878 colligere
779 3813 953 3877 possumus,
988 3794 1166 3862 archontem
1196 3796 1331 3877 templo-

206 3914 277 3960 rum
299 3895 614 3962 administ‘randoruru
636 3900 759 3974 partem
781 3898 935 3975 habuisse,
958 3898 1121 3963 sedetiam
1137 3897 1175 3963 de
1191 3899 1246 3963 illo
1261 3917 1331 3964 mu·

205 4016 278 4064 nere
301 3997 364 4063 dici
385 3998 464 4062 nibil
494 4000 608 4082 potest,
641 4019 711 4065 cum
742 4001 855 4067 tituius
886 4003 1070 4084 pormutilus
1102 4003 1152 4068 sit.
1207 4001 1331 4068 Archon

310 4255 339 4322 1)
355 4254 449 4310 Unum
467 4256 578 4310 tantum
595 4256 685 4312 fuisso
702 4258 867 4314 arebontsm
885 4259 1019 4326 colligere
1043 4273 1193 4327 possumus
1212 4273 1250 4314 ex
1268 4258 1331 4313 Gar-

206 4339 385 4396 tbaeousinm
402 4342 445 4396 tit
463 4357 490 4398 n.
509 4343 551 4407 14,
569 4343 619 4398 ubi
638 4344 745 4400 archon
762 4345 842 4400 solus
860 4345 913 4400 deo
931 4359 1067 4400 coronam
1085 4346 1186 4400 offerre
1204 4345 1286 4400 solet.

310 4424 337 4492 2)
355 4426 505 4494 Schoess'ar,
524 4429 567 4484 Da
585 4429 649 4484 Doli
667 4431 719 4486 ins
737 4431 795 4486 reb.
814 4446 840 4499 p.
859 4431 911 4486 118
928 4434 958 4486 st
975 4433 1034 4488 126.
