3336 5314
735 504 777 567 45

194 707 430 792 indignarentur
444 707 614 776 Alexandri
628 707 736 792 Magni
759 708 898 773 edictum·
911 706 948 772 dc
970 707 1136 800 exsulibus
1148 708 1320 774 restituen-

196 809 296 894 dis¹lr
323 810 377 875 sed
399 809 436 876 de
460 809 529 876 Cois
552 810 735 875 nominatim
757 810 837 875 nihil
858 809 1044 892 accepimus.

297 913 386 979 Licet
417 914 521 978 autem
552 912 589 977 de
619 914 710 979 rebus
734 912 867 979 externis
890 911 967 978 nihil
989 912 1052 977 fere
1074 912 1244 978 habeamus
1266 931 1323 978 co·

197 1015 330 1098 gnitum,
351 1017 456 1080 tamen
472 1014 514 1079 de'
531 1015 660 1081 internis
684 1033 788 1081 corum
811 1015 905 1080 rebus
927 1033 962 1080 ex
984 1015 1119 1080 nummis
1135 1016 1186 1098 qui
1210 1035 1323 1098 super·

196 1119 269 1184 sunt
290 1118 438 1185 nonnulla
460 1117 606 1201 colligere
628 1137 802 1200 possumus.
848 1119 947 1201 Supra
968 1117 1103 1184 vidimus
1126 1119 1322 1202 temporibus

195 1221 273 1287 Va.
298 1221 368 1287 Chr.
394 1239 473 1286 saec.
506 1221 732 1304 antiquioribus
767 1241 838 1288 suos
870 1241 1023 1305 quamque
1055 1221 1176 1287 insulse
1209 1221 1322 1287 urbem

195 1325 334 1408 signasse
356 1342 519 1390 nummos:
544 1325 597 1406 qui
619 1325 739 1390 nummi
761 1326 902 1408 argentei
923 1325 1020 1404 erant,
1044 1342 1117 1406 ergo
1139 1323 1232 1390 nrbes
1253 1325 1322 1391 illis

194 1427 384 1509 temporibus
417 1426 557 1492 floruisse
579 1427 733 1494 videntur.
779 1426 917 1493 SaeculIs
940 1429 1044 1493 autem
1066 1427 1096 1491 V
1118 1428 1150 1493 et
1171 1426 1216 1492 IV
1238 1427 1320 1493 nulli

195 1533 319 1596 omnino
350 1530 470 1595 nummi
503 1531 535 1594 in
566 1530 670 1597 insule
693 1530 753 1597 Ceo
775 1530 891 1615 signati
913 1549 979 1596 esse
1001 1529 1147 1596 videntur
1169 1530 1322 1614 (exceptis

194 1651 268 1698 sane
289 1633 482 1713 nummulis),
506 1652 604 1716 neque
627 1633 777 1716 estquod
800 1635 960 1699 misemur:
985 1631 1039 1699 (lei
1061 1633 1145 1698 enim
1168 1632 1323 1715 parebant

193 1735 447 1815 Atheniensibus,
470 1736 707 1802 Atheniensium
738 1737 841 1802 autom
874 1736 993 1803 nummi
1026 1735 1102 1801 adeo
1124 1735 1157 1800 in
1180 1735 1319 1800 omnium

196 1839 282 1902 erent
304 1855 372 1917 usu,
395 1840 431 1904 ut
452 1857 529 1920 opus
551 1856 613 1903 non
640 1840 722 1904 esset
744 1857 814 1905 suos
838 1839 960 1924 signare
982 1857 1135 1904 nummos.
1180 1838 1224 1903 At
1245 1853 1321 1903 uero

194 1941 265 2023 post
285 1959 423 2025 pugnam
446 1941 693 2006 Chaeronensem
715 1960 803 2006 uersa
826 1943 899 2006 sunt
921 1941 1034 2006 omnia.
1079 1939 1322 2005 Atheniensium

195 2043 276 2108 enim
311 2063 370 2110 non
403 2043 504 2110 solum
540 2044 709 2110 dominatio
742 2046 833 2127 atque
856 2045 952 2110 maris
976 2044 1094 2128 Aegaei
1115 2043 1320 2127 principatus,

195 2143 367 2212 sedetiam
390 2146 557 2212 auctoritas
580 2145 728 2212 subversa
751 2147 810 2213 est.
850 2145 903 2211 Cei
925 2145 1030 2230 igitur,
1048 2165 1118 2212 cum
1141 2146 1318 2212 libertatem

195 2249 440 2330 recuperassent,
463 2265 612 2314 novarum
634 2266 736 2313 rerum
751 2249 870 2314 rationo
894 2247 986 2314 ducta
1001 2266 1061 2313 non
1075 2249 1120 2315 ita
1134 2247 1234 2313 multu
1249 2248 1325 2330 post

194 2349 233 2414 ad
263 2351 473 2416 Insulunorum
507 2350 687 2416 societatem
720 2369 753 2415 se
773 2351 1026 2434 apphmvcrunt:
1058 2353 1113 2417 sed
1135 2352 1318 2434 priusquam

193 2452 252 2518 hoc
273 2454 420 2533 lecerunt,
446 2454 587 2537 singulae
617 2453 737 2518 insulae
759 2453 852 2520 urbes
874 2454 956 2519 inter
977 2473 1009 2520 sc
1031 2455 1196 2520 iunxerant
1218 2453 1321 2519 socie-

193 2556 300 2636 tatem,
325 2557 412 2622 cuius
435 2557 531 2622 testes
554 2557 627 2621 sunt
648 2556 767 2621 nummi
790 2557 882 2640 atque
904 2557 991 2623 tituli
1012 2558 1164 2637 nonnulli,
1187 2558 1224 2624 de
1247 2556 1320 2641 qui-

194 2657 252 2723 bus
275 2677 346 2724 mox
368 2659 449 2724 iufra
471 2660 595 2725 uberius
618 2659 677 2725 erit
699 2659 876 2725 dicendum.
920 2659 1051 2725 Nummi
1072 2660 1120 2725 illi
1144 2678 1219 2742 quos
1243 2659 1319 2738 diui,

195 2763 268 2827 sunt
290 2762 377 2828 aenei
400 2780 565 2846 omnesque
587 2764 701 2830 litteris
723 2763 801 2828 KEI
815 2764 864 2829 vel
880 2762 1017 2829 ΚΕΙΩΝ
1040 2763 1155 2846 signati
1166 2763 1201 2847 ²).
1225 2761 1320 2827 Com·

195 2882 302 2930 munes
325 2881 397 2949 orgo
421 2863 474 2932 Cei
495 2865 560 2930 illis
575 2866 765 2950 temporibus
787 2866 944 2932 habebant
965 2883 1118 2931 nummos.
1141 2865 1245 2948 Atque
1268 2882 1319 2930 so·

194 2967 338 3032 cietatem
359 2967 448 3032 illam
471 2968 547 3032 satis
569 2969 670 3034 artam
692 2969 788 3036 fuisse
811 2968 959 3053 colligere
981 2986 1144 3052 possumus
1164 2987 1200 3033 ex
1213 2965 1320 3032 tilulis

193 3070 238 3149 (n.
261 3067 389 3134 21-23
411 3069 443 3134 et
465 3088 495 3134 n.
519 3069 584 3152 77),
620 3071 671 3154 qui
705 3072 764 3136 etsi
787 3070 825 3136 ad
849 3071 1018 3137 orhemum
1041 3071 1089 3136 Ill
1112 3089 1137 3135 s.
1161 3069 1318 3136 referendi

194 3172 275 3249 sunt,
291 3171 492 3238 nihilominus
508 3172 638 3238 eundem
661 3193 764 3240 rorum
780 3174 896 3240 statum
914 3173 1051 3239 iudicare
1065 3173 1143 3238 mihi
1159 3174 1319 3240 videntur.

193 3273 361 3339 Habebunt
392 3275 513 3340 insulae
547 3275 637 3341 urbes
673 3278 816 3342 senatum
838 3277 1024 3360 comitiaque
1047 3276 1223 3342 communia
1247 3278 1319 3356 eto,

197 3375 251 3440 sed
274 3375 312 3440 de
333 3376 426 3442 rebus
448 3377 513 3442 illis
535 3377 616 3442 infra
639 3397 694 3444 suo
716 3379 783 3444 loco
805 3379 929 3444 uberius
952 3378 1091 3463 agam³).

297 3479 342 3543 At
364 3496 435 3544 vero
459 3479 518 3544 etsi
539 3479 659 3545 insulae
681 3481 773 3545 urbes
796 3480 974 3546 sociotatem
997 3481 1078 3546 inter
1093 3499 1125 3546 se
1143 3480 1319 3558 iunxerant,

193 3581 297 3648 tamen
320 3581 511 3664 temporibus
534 3581 598 3648 illis
621 3583 748 3648 mInime
781 3582 964 3649 sufficiebat.
1020 3581 1102 3664 Quid
1131 3583 1214 3649 enim
1246 3601 1321 3666 per·

193 3703 288 3766 parua
310 3702 346 3750 ac
367 3685 469 3750 tenuis
491 3685 595 3752 insula
612 3686 746 3771 ipseper
762 3706 794 3754 se
810 3685 956 3770 proficere
971 3685 1098 3770 potuit?
1120 3687 1165 3752 At
1184 3685 1215 3752 in
1232 3704 1321 3754 com·

193 3787 306 3852 morcio
327 3787 448 3852 insulae
471 3788 555 3854 salus
576 3789 743 3856 nitebatur.
789 3788 871 3870 Quid
884 3789 982 3873 igitur
995 3789 1111 3855 misum
1125 3789 1201 3856 Ceos
1215 3789 1321 3856 liben-

296 4078 322 4145 1)
339 4077 421 4132 Diocl
448 4075 538 4131 XVIII
565 4075 600 4141 ὃς
628 4075 703 4132 Onrt.
723 4077 750 4131 X
777 4078 802 4142 2,
828 4077 863 4142 4;
891 4077 963 4132 lust.
983 4077 1047 4131 Xlll
1070 4078 1095 4132 ὁ.
1131 4077 1165 4132 ct
1192 4075 1321 4143 schefer,

193 4162 272 4217 Dsm.
290 4161 338 4216 111²
355 4176 381 4230 p.
400 4161 452 4216 315
470 4175 528 4230 sq.;
546 4161 686 4230 Droysen
707 4161 807 4217 Gescb.
827 4162 851 4216 d.
870 4163 939 4216 Hell.
958 4161 980 4216 1²
998 4164 1015 4217 2
1032 4177 1058 4230 p.
1077 4162 1129 4216 274
1146 4175 1187 4230 sq.

296 4246 322 4316 2)
342 4247 375 4302 cf.
394 4247 468 4302 inira
486 4245 551 4315 cap.
569 4246 606 4300 Ill
623 4247 639 4313 fl
656 4247 674 4301 b
691 4247 752 4302 init.
771 4246 849 4302 llearl
867 4249 945 4304 recte
957 4261 1089 4304 nummos
1101 4247 1166 4304 illos
1184 4247 1220 4304 ei
1232 4247 1320 4304 linem

193 4331 230 4386 IV
249 4347 270 4387 s.
291 4335 319 4387 et
337 4334 373 4388 acl
392 4333 428 4387 111
446 4348 468 4388 s.
487 4333 633 4388 rettulisse
650 4334 719 4388 mihi
737 4333 858 4390 ululatur.

296 4420 322 4484 3)
341 4419 375 4474 ol.
394 4419 459 4488 Cap.
477 4420 513 4474 lll
537 4421 596 4486 §2
