3322 5302
849 490 892 554 64

305 690 471 777 Ὑλιχίδαι,
505 690 703 780 Θ[υ]σσίδαι,
732 692 931 780 Κορίή]σιοι,
964 693 1169 759 Ἀνταλκίδου
1180 694 1217 776 1).
1262 693 1296 761 Si
1328 696 1434 772 οἴκους

307 813 368 860 non
389 797 497 878 gentes
520 795 574 860 sed
604 795 759 879 phratrias
791 815 858 862 esse
880 799 1042 876 sumimus,
1076 797 1235 862 Halbhem
1264 799 1347 863 recte
1377 816 1433 862 no-

307 897 392 962 mina
413 896 470 962 illa
491 897 531 962 ad
552 897 658 973 οἴκους
679 898 809 978 rettulit,
833 897 866 963 id
888 899 970 982 quod
993 898 1102 964 statim
1124 899 1352 964 demonstrabo.
1381 899 1433 964 ln-

307 999 459 1082 cipiamns
481 1001 521 1065 ab
543 1000 729 1084 Hyliohidis.
773 1000 895 1067 Nomen
916 1002 996 1067 illud
1018 1003 1067 1067 bis
1090 1003 1231 1081 occurrit,
1266 1003 1321 1069 sed
1348 1002 1433 1068 cata·

307 1101 370 1186 logi
404 1121 434 1166 n.
468 1101 509 1165 41
543 1102 655 1167 natura
687 1120 757 1168 cum
791 1103 882 1168 valde
915 1104 958 1169 sit
988 1104 1126 1182 obscura,
1159 1104 1321 1169 videamus
1356 1123 1433 1186 quae

308 1223 344 1270 ex
365 1204 458 1270 titulo
480 1223 509 1268 n.
532 1206 576 1270 49
598 1224 703 1271 eruere
724 1206 889 1288 possimus.
935 1205 1059 1271 Titulus
1080 1205 1135 1270 ille
1157 1207 1337 1288 sepulcralis
1361 1225 1433 1272 con·

307 1307 388 1372 tinet
408 1308 502 1372 verba
518 1307 675 1384 Διονύσιος
697 1307 857 1373 Διονυσίου
872 1306 1043 1394 Ὑλιχίδης.
1089 1308 1225 1388 Boeoto,
1238 1310 1292 1392 qui
1305 1309 1435 1375 titulum

308 1409 416 1487 edidit,
439 1409 477 1474 de
500 1410 601 1475 verbis
623 1410 687 1476 illis
710 1411 786 1476 haec
809 1411 986 1476 adnotavit:
1020 1426 1113 1487 ·„cnm
1144 1429 1213 1476 raro
1244 1413 1276 1475 in
1299 1409 1435 1475 ciuitati·

308 1512 367 1578 bns
390 1532 408 1577 a
430 1513 522 1596 gente
545 1513 688 1595 cuiquam
711 1514 843 1580 addatur
865 1515 1113 1596 cognomentum,
1145 1515 1268 1581 videtur
1289 1513 1435 1579 hocloco

308 1613 468 1700 Ὗλιχίδης
486 1617 590 1697 potius
612 1636 631 1681 a
651 1635 733 1701 pago
756 1616 884 1682 ductum
907 1635 1019 1682 nomen
1044 1637 1123 1697 esse,
1135 1617 1181 1683 ita
1202 1617 1239 1682 ut
1254 1617 1357 1700 gentis
1380 1633 1435 1679 no-

309 1735 381 1781 men
404 1718 436 1782 in
459 1735 572 1783 nomen
594 1719 668 1802 pagi
689 1738 812 1784 versum
835 1720 885 1797 sit,
920 1720 957 1784 nt
987 1719 1120 1787 Athenis
1153 1717 1336 1783 Δαιδαλίδαι
1355 1719 1434 1783 etc.“

310 1819 371 1884 Sed
394 1818 432 1884 de
454 1839 534 1904 pago
556 1821 608 1886 hic
630 1822 760 1905 cogitari
781 1840 842 1886 non
865 1821 986 1904 potest;
1009 1822 1141 1887 maxime
1163 1841 1235 1888 voro
1268 1820 1437 1886 cavendum

311 1927 367 2000 est
391 1941 429 1987 ne
446 1924 554 1989 Attica
566 1924 713 1990 instituta
734 1925 767 1990 in
777 1926 896 1991 ceteras
917 1926 1060 1991 civitates
1076 1925 1280 1992 conferamus.
1324 1925 1437 1989 Elxsm·

310 2024 372 2107 pla,
396 2044 474 2107 qnae
497 2026 614 2108 optime
647 2027 679 2092 in
709 2026 792 2092 hunc
822 2027 923 2093 locum
957 2028 1119 2110 quadrant,
1143 2029 1266 2093 exstant
1295 2027 1360 2106 Tei,
1383 2027 1438 2091 ubi

311 2147 432 2210 semper
453 2130 638 2214 symmoriae
660 2147 772 2196 nomen
793 2132 927 2210 additur,
941 2134 977 2196 nt
993 2131 1021 2196 ὁ.
1038 2131 1067 2195 δ.
1082 2140 1137 2195 τοῦ
1152 2129 1287 2195 Φιλαίου
1302 2130 1434 2214 πύργου,

311 2229 505 2317 Κυδωνίδης,
529 2233 583 2298 ubi
605 2235 697 2298 verbo
720 2233 902 2320 Κυδωνίδης
925 2227 1318 2318 εγωιυουυωυὶςυίᾗυυτί
1348 2234 1437 2300 colli-

310 2351 382 2416 gere
405 2353 568 2417 possumus
591 2354 627 2400 ex
648 2335 742 2400 titulo
764 2337 798 2401 0.
820 2336 852 2402 J.
875 2335 929 2402 Gr.
953 2337 985 2400 11
1007 2357 1038 2402 n.
1061 2335 1147 2400 3065
1169 2341 1202 2402 et
1223 2335 1320 2401 3066:
1345 2355 1437 2401 usur·

310 2437 424 2519 pantur
455 2439 538 2503 enim
570 2439 616 2503 ibi
647 2439 773 2504 nomina
803 2437 968 2524 Ἐχινάδαι
998 2441 1030 2504 et
1060 2438 1233 2525 ἡἘχίνου
1268 2437 1434 2525 συμμορία.

311 2540 458 2605 Teiorum
480 2549 585 2607 autem
601 2542 784 2626 symmorias
803 2530 950 2625 phratriis
965 2543 1160 2625 respondisse
1176 2561 1270 2626 snpra
1292 2540 1438 2606 vidimus

312 2642 422 2708 Exstat
442 2662 554 2709 nomen
576 2644 656 2711 illud
678 2645 773 2711 etiam
796 2646 879 2728 apud
910 2644 1137 2710 Callimachum
1149 2645 1185 2729 ²),
1216 2645 1272 2710 ubi
1303 2643 1438 2710 Simoni·

312 2747 366 2813 des
397 2749 488 2830 poeta
511 2749 686 2831 appellatur
714 2747 864 2834 Ὑλλίχου
896 2748 1019 2830 νέπους,
1055 2748 1136 2832 qnod
1168 2749 1253 2814 recte
1283 2747 1440 2812 Halbherr

313 2849 453 2938 δημότης
467 2849 627 2938 Ὗλιχίδης
649 2852 825 2935 significare
840 2852 1078 2937 possenegavit.
1123 2852 1262 2918 Verium
1284 2850 1437 2932 ,,νέπους“

312 2953 394 3038 apud
403 2956 511 3037 poetas
521 2955 746 3022 Alexandrinos
761 2955 845 3020 idem
860 2955 1119 3039 significatamue
1129 2961 1264 3038 „nepos“
1276 2953 1359 3037 quod
1371 2971 1439 3019 sae-

312 3058 440 3139 pissime
462 3058 544 3140 apud
558 3060 742 3144 Vergilium,
759 3059 916 3138 Ovidium,
941 3060 1018 3124 alios
1040 3058 1120 3123 verti
1141 3059 1245 3141 potest
1265 3058 1298 3122 in
1315 3057 1439 3136 „Nach-

312 3162 445 3240 komma
469 3163 677 3247 Sprdssling“.
722 3162 783 3228 Sed
806 3183 842 3229 er
864 3162 1049 3228 Callimachi
1070 3163 1126 3227 illo
1159 3162 1332 3246 fragmento
1364 3159 1440 3224 certi

313 3265 393 3352 nihil
415 3265 453 3330 de
475 3266 651 3349 Hylichidis
671 3267 815 3350 colligere
838 3286 1014 3350 possumus.
1059 3263 1203 3331 Ceterum
1226 3283 1288 3330 non
1303 3264 1440 3329 alienum

312 3369 434 3435 ridetur
456 3369 585 3448 adferre,
606 3369 639 3434 in
662 3370 803 3454 catalogo
836 3390 867 3435 n.
890 3369 931 3433 41
955 3370 1036 3434 inter
1057 3369 1183 3435 nomina
1216 3367 1256 3458 od
1276 3363 1440 3450 Ὑλιχιδῶν

313 3473 484 3556 phratriam
505 3475 692 3556 pertinentia
714 3477 814 3557 primo
835 3475 903 3540 loco
926 3491 1084 3540 occurrere
1104 3491 1216 3538 nomen
1230 3468 1437 3554 Λεωπρὲπης,

314 3576 396 3661 quod
418 3595 528 3642 nomen
553 3577 649 3642 etiam
670 3575 838 3644 Simonidis
861 3577 944 3660 patri
969 3576 1046 3642 erat.
1091 3575 1252 3641 Habemus
1283 3572 1440 3656 praeterea

268 3673 271 3678 ’
313 3679 500 3745 locationem
531 3677 747 3750 Ἀντοιλκιδῶν
777 3681 821 3761 (n.
844 3677 912 3756 70),
946 3696 1024 3761 quos
1061 3695 1159 3759 neque
1192 3693 1309 3760 pagum
1342 3689 1440 3754 neque

315 3781 441 3864 gentem
477 3779 531 3846 sed
565 3781 737 3863 phratriam
758 3782 883 3848 tantum
905 3780 1001 3846 fuisse
1024 3780 1196 3846 contendo:
1220 3775 1439 3863 argumentum

419 4071 445 4141 1)
465 4072 498 4128 of.
517 4088 544 4127 n.
561 4073 596 4126 49
611 4068 764 4144 “Πεχίδης;
786 4087 813 4126 n.
831 4071 866 4126 41
887 4067 990 4123 Λεῶδαι
1008 4069 1070 4138 (col.
1088 4069 1144 4122 lv.
1163 4069 1198 4137 1),
1222 4065 1352 4138 Ἥιχίδαι
1378 4065 1440 4133 (ool.

317 4159 397 4214 111v.
415 4158 468 4228 29),
497 4156 636 4228 θίυῙσυίδαι
664 4157 726 4226 (col.
745 4158 783 4212 IV
800 4157 881 4224 v.1),
913 4151 1054 4225 Κορίὴ]σιοι
1073 4154 1135 4225 (eol.
1155 4155 1193 4209 IV
1210 4168 1237 4208 v.
1256 4151 1318 4221 64);
1336 4146 1441 4203 Ἀνταλ-

317 4247 385 4298 κίδου
401 4262 428 4301 n.
448 4247 482 4300 70
499 4260 526 4299 v.
545 4247 569 4310 7,
588 4246 612 4310 9,
631 4245 673 4299 21.

419 4334 446 4400 2)
465 4332 499 4387 ci.
518 4331 610 4388 Schol.
629 4332 666 4385 ad
691 4331 771 4386 Pind.
801 4331 898 4385 Isthm.
917 4328 943 4392 2,
961 4330 995 4393 93
1022 4327 1168 4391 Halbherr‚
1186 4325 1276 4382 mon.
1295 4323 1334 4378 IX
1353 4321 1441 4392 (1884)

316 4435 343 4489 p.
361 4417 415 4474 320
431 4433 472 4486 sq.
