3322 5302
733 481 774 547 81

192 687 234 751 sit
255 686 373 773 βουλῆς
394 685 553 771 praesides
574 705 611 752 ea
641 705 709 754 esse
739 687 906 766 exsecutos,
940 704 1018 769 quae
1051 686 1096 752 eis
1119 687 1223 752 verbis
1245 685 1319 770 πρύ

192 789 299 875 βουλοι
321 789 468 872 perficere
489 789 645 855 iubentur.
690 788 770 854 Sane
792 789 926 872 quidem,
949 807 1022 854 narn
1046 789 1142 854 etiarn
1165 788 1319 854 de'Athe-

191 893 345 957 niensium
368 893 478 958 senatu
498 893 583 958 idem
605 893 737 971 constat,
761 893 800 958 cl.
823 893 905 958 eninr
928 892 1168 957 Atheniensium
1190 891 1319 956 titulum

193 994 227 1060 O.
242 995 274 1061 J.
289 995 330 1060 A.
346 995 378 1059 II
395 995 457 1060 114
481 995 535 1073 (τ.-
545 995 626 1060 Ditt.
651 995 728 1080 Syll.
743 1015 774 1059 u.
797 993 886 1080 333),
907 995 961 1060 ubi
979 995 1161 1072 „curaverat
1183 993 1318 1071 senatus,

191 1098 229 1162 ut
248 1097 316 1163 ludi
338 1099 473 1164 scaenici
495 1117 589 1182 qnam
611 1099 865 1182 splendidissimo
887 1099 1039 1183 apparatu
1053 1097 1163 1162 fierent
1176 1097 1209 1161 et
1229 1096 1318 1160 thea-

191 1202 276 1266 trum
298 1219 392 1284 quarn
413 1201 621 1283 pulcherrime
655 1183 883 1268 enumeretur.“
941 1200 1074 1268 Senatus
1107 1198 1260 1282 quomode
1283 1218 1320 1264 ea

191 1305 419 1387 exsequeretur,
441 1305 615 1370 accuratius
638 1305 781 1370 definivit
814 1305 852 1370 R.
886 1303 1065 1387 Seheell¹):
1099 1303 1157 1383 „In
1189 1301 1250 1366 den
1272 1301 1319 1367 als

192 1405 339 1491 tepescunt
359 1407 578 1474 bezeichueteu
612 1407 722 1491 Opler·
752 1407 816 1474 und
846 1407 1188 1473 Festverstehern....
1220 1404 1320 1470 haben

190 1509 246 1574 wir
268 1509 356 1574 nicht
378 1510 426 1574 ein
450 1510 610 1593 standiger
634 1508 809 1593 Collegium
841 1529 880 1574 zu
913 1510 1077 1587 ertennm,
1112 1506 1242 1574 sondern
1265 1508 1320 1572 he-

192 1611 320 1677 sondere
343 1612 449 1696 eigeus
471 1613 521 1676 fuir
547 1611 635 1696 jedes
667 1612 742 1678 Fest
772 1612 915 1678 hestellte
946 1611 1152 1678 Aussehrisse.
1196 1611 1231 1674 In
1265 1609 1321 1676 der

190 1713 290 1796 Regel
311 1714 437 1778 wnrden
460 1713 617 1780 dieselben
648 1733 720 1780 vom
753 1715 845 1795 Rath,
880 1715 952 1781 dem
975 1715 1123 1779 zunichst
1152 1713 1320 1778 berulenen

191 1813 515 1901 Vernaltungsergau,
539 1837 594 1882 aus
617 1818 718 1882 seiuer
738 1817 833 1883 Mitte
854 1817 1087 1901 niedergesetut
1103 1816 1200 1882 durch
1222 1814 1320 1880 Wahl

192 1917 265 1984 eder
286 1918 375 1997 noos,
397 1937 454 1984 aus
476 1919 559 1984 allen
580 1919 702 2000 Phylen
725 1919 799 1984 oder
829 1939 885 1984 aus
916 1919 972 1984 der
993 1919 1269 2002 prytauierenden“
1282 1917 1319 2002 ²).

190 2019 261 2085 Non
284 2021 368 2086 reete
390 2021 488 2104 igitur
509 2019 660 2087 Sucheda
681 2020 873 2107 προβούλους
894 2021 1097 2102 magistratus
1127 2021 1223 2086 fuisse
1246 2041 1319 2087 con-

190 2122 310 2200 tendit;
333 2141 411 2205 quae
434 2125 538 2188 autem
560 2143 591 2206 p.
622 2123 664 2188 87
696 2143 741 2208 sq.
774 2123 812 2188 de
847 2123 1115 2202 „Rathsvorstand
1148 2125 1195 2190 als
1217 2124 1320 2206 Magi·

191 2227 291 2292 strat“
316 2211 503 2308 disputavit,¹
514 2246 551 2292 ea
565 2227 693 2292 minime
709 2227 902 2308 comprobari
916 2228 1047 2310 pessunt
1057 2226 1095 2311 8).
1139 2227 1222 2310 Ergo
1236 2228 1320 2292 recte

189 2328 315 2396 Boeelrh
339 2331 372 2395 et
392 2329 543 2414 Rangahd
564 2329 755 2416 προβούλους
776 2329 934 2412 praesides
960 2329 1077 2416 βουλῆς
1106 2330 1202 2394 fuisse
1225 2330 1319 2396 docu-

190 2431 330 2518 erunt⁴),
353 2433 490 2498 sednon
513 2435 608 2512 recte,
630 2452 702 2498 mea
723 2433 850 2516 quidem
872 2433 1036 2511 sententia,
1067 2433 1116 2497 illi
1147 2433 1320 2498 Athenien·

191 2535 275 2600 sium
297 2533 480 2619 prytanihus
502 2535 697 2619 respondisse
718 2536 763 2601 eis
785 2536 844 2601 visi
876 2537 960 2602 sunt.
1011 2525 1143 2600 Athenis
1167 2535 1249 2600 enirn
1270 2555 1319 2601 se-

190 2638 284 2702 natus
305 2637 450 2702 tributim
481 2638 598 2703 divisus
630 2638 698 2702 erat
730 2638 763 2702 in
797 2638 905 2704 decem
935 2639 1048 2720 partes,
1080 2655 1160 2721 quae
1182 2638 1320 2703 vicissim

191 2757 247 2822 per
262 2737 413 2804 decimam
430 2741 502 2804 anui
516 2742 637 2822 partem
657 2740 762 2805 emnia
780 2740 905 2824 negotia
920 2739 1189 2805 administrabant.
1225 2741 1321 2823 Apud

192 2840 333 2908 Ceresius
355 2843 460 2908 autern
482 2842 608 2908 eosdem
636 2842 795 2926 praesides
825 2862 881 2925 per
914 2844 1016 2908 tetum
1051 2861 1165 2908 annum
1197 2843 1320 2908 senatui

191 2946 384 3028 praesedisse
405 2953 491 3030 puto,
515 2947 597 3030 quod
628 2947 742 3031 eolhgc
774 2966 810 3012 ex
837 2966 867 3012 v.
889 2946 933 3011 34
954 2965 1000 3029 sq.
1024 2946 1122 3010 τὰδὲ
1154 2945 1240 3010 ὅπλα
1259 2968 1320 3010 πα-

192 3049 401 3132 ρασκευάζειν
422 3054 493 3128 τοὺς
515 3050 705 3138 προβούλους
727 3053 799 3127 τούς
820 3049 957 3129 ἐξιόντας
980 3052 1038 3118 etc.
1083 3051 1204 3116 Deinde
1221 3050 1320 3115 Athe·

192 3151 240 3216 nis
264 3152 406 3233 singulae
428 3153 530 3218 trihus
552 3153 691 3220 vicissim
713 3153 813 3220 altera
835 3153 965 3220 alteram
988 3153 1183 3236 excipiebant
1205 3189 1245 3200 -
1262 3151 1320 3218 Co-

191 3253 265 3318 resii
287 3255 400 3333 autern,
424 3273 495 3320 curn
517 3256 676 3337 praesides
699 3257 793 3320 annui
816 3257 929 3334 essent,
964 3275 1000 3320 ex
1030 3273 1213 3336 unaquaque
1234 3254 1320 3318 tribu

191 3374 263 3420 mea
285 3356 410 3438 quidem
434 3357 659 3450 sententiavel
680 3375 777 3422 unum
799 3358 850 3422 vel
881 3358 1001 3440 ahquot
1031 3361 1189 3422 senatores
1221 3356 1320 3440 elige-

192 3556 251 3598 που
267 3541 440 3609 Katapulten
457 3541 497 3594 im
514 3540 633 3596 Arsenal
650 3543 798 3610 verrflthig
815 3557 883 3606 war,
903 3543 948 3597 die
965 3543 1125 3597 Vorschrift
1143 3557 1179 3597 an
1198 3543 1243 3596 die
1256 3542 1321 3609 πρό·

191 3626 284 3694 βουλοι
301 3627 433 3696 hinsallig
446 3627 551 3691 wurdc‚
570 3641 695 3695 genauer
712 3629 813 3696 gesagt
830 3629 872 3682 als
885 3628 1015 3696 hinsdllig
1026 3629 1189 3696 angesehen
1200 3628 1316 3683 werden

191 3714 323 3768 lenate·
361 3712 440 3778 Quae
457 3713 593 3768 Koehleri
618 3715 817 3782 interpretatio
843 3715 913 3768 rnihi
940 3715 1054 3782 quidem
1081 3715 1151 3769 satis
1178 3715 1317 3768 verisimi-

191 3799 228 3853 lis
244 3798 366 3854 videtur.

297 3881 324 3950 1)
342 3882 461 3938 Sitnher.
479 3884 505 3938 d.
523 3884 619 3951 hayer.
637 3883 722 3938 Aced.
742 3883 811 3938 1887
828 3885 840 3936 Ι
858 3898 884 3952 p.
903 3885 919 3938 9
938 3899 979 3952 sq.

297 3965 324 4035 2)
344 3967 377 4022 cf.
397 3966 490 4036 (Xen.)
506 3969 541 4023 de
558 3968 725 4046 repplthen.
744 3968 831 4033 1112;
849 3969 1041 4038 Heydemann,
1059 3970 1102 4024 De
1120 3969 1223 4024 senatu
1234 3968 1317 4024 Athe-

191 4053 335 4108 nlenslum
351 4068 377 4122 p.
395 4054 430 4108 49
448 4055 478 4108 et
494 4055 529 4108 50
548 4053 632 4122 (Dies.
650 4054 765 4121 Argent
783 4055 822 4108 IV
841 4054 928 4124 (1880)
946 4070 972 4123 p.
991 4057 1043 4110 195
1060 4056 1090 4110 et
1107 4052 1168 4122 led)
1187 4055 1236 4122 qui
1252 4055 1318 4110 ube

191 4139 253 4194 rius
272 4140 379 4194 dehac
396 4154 428 4194 re
446 4140 513 4208 egit.

295 4225 322 4292 8)
341 4225 375 4280 ei.
395 4226 482 4298 etlam
499 4224 651 4290 Schneider,
669 4225 743 4280 Berl.
761 4225 862 4280 Philel.
881 4227 980 4283 Wneh
999 4227 1039 4282 Xl
1056 4225 1145 4296 (1891)
1162 4241 1188 4295 p.
1208 4227 1284 4282 low.

294 4310 321 4380 4)
340 4313 374 4367 of.
392 4311 509 4368 Aristus.
527 4312 610 4368 Polis.
629 4309 667 4368 Vl
684 4327 711 4380 p.
731 4312 880 4368 1299138
898 4327 938 4382 sq.
957 4313 982 4365 ot
998 4312 1144 4380 πρόβουλοι
1162 4313 1320 4364 καθεστᾶσιν

193 4395 236 4447 lul
253 4399 310 4456 τοῖς
324 4397 490 4462 βουλευταῖς.

1144 4501 1161 4554 6
