3322 5302
875 435 918 500 82

337 643 423 718 hant,
447 641 502 722 qui
524 658 586 704 uua
609 639 731 706 senatui
745 637 966 722 praesiderent.
1012 637 1090 703 Cum
1105 635 1300 709 Cerceiorum
1313 635 1378 702 illis
1393 654 1469 720 prc-

338 743 430 822 hulis,
455 743 563 825 quales
586 741 730 824 equidem
753 759 804 806 eos
836 741 932 806 fuisse
964 739 1115 819 existimo,
1147 740 1263 822 optime
1294 739 1468 820 comparari

338 847 469 930 possunt
489 844 714 927 Eretriensium
736 842 903 930 πρόβουλοι
916 841 943 927 ¹)
977 845 1009 908 et
1040 843 1219 912 Jasemium
1251 841 1414 926 πρυτάνεις
1423 839 1464 925 ²).

337 948 483 1014 Vidimus
505 947 603 1032 igitur
625 946 818 1014 Ocresicrum
840 946 992 1028 prchulcs-
1008 964 1063 1029 per
1083 947 1185 1013 totum
1206 965 1320 1012 anuum
1343 943 1467 1012 senatui

338 1051 528 1132 praesedisse
543 1052 635 1133 atque
651 1049 817 1132 collegium
835 1066 941 1114 eorum
963 1049 1054 1113 aliter
1075 1048 1171 1114 trisse
1187 1048 1395 1130 compositum
1416 1049 1466 1112 at·

339 1172 397 1235 que
420 1153 569 1230 Athenis3
594 1153 649 1217 sed
671 1153 778 1216 munia
801 1170 908 1217 eorum
940 1152 1047 1218 eadem
1079 1150 1175 1216 fuisse
1208 1152 1301 1232 atquc
1334 1149 1466 1216 Athenis

339 1256 514 1340 prytanum,
538 1256 665 1320 minime
688 1273 777 1338 nego.
821 1254 951 1320 Probuli
973 1274 1044 1319 cum
1067 1254 1170 1320 esseut
1191 1253 1294 1330 annui,
1310 1270 1348 1316 er
1370 1271 1402 1318 se
1415 1251 1467 1315 in-

338 1359 506 1442 tellegitur,
531 1377 583 1423 ecs
606 1377 664 1423 nou
688 1357 728 1422 ad
749 1376 950 1440 unaquaeque
982 1357 1146 1422 sollemnia
1180 1354 1364 1437 perficienda
1394 1371 1466 1438 prc-

339 1463 405 1545 prie
427 1481 494 1528 esse
517 1462 641 1540 electos,
665 1461 719 1526 sed
743 1460 907 1526 sollemnis
941 1459 1118 1542 perficiendi
1148 1477 1255 1524 curam
1286 1475 1406 1542 semper
1427 1457 1468 1524 sd

340 1585 446 1632 eorum
468 1565 656 1647 pertinuisse
677 1565 796 1630 munia.
838 1563 993 1632 Julide
1027 1563 1183 1647 praesides
1216 1561 1287 1628 illes
1314 1560 1467 1645 πρυτά-

339 1689 428 1743 νεις
450 1667 550 1732 dictcs
572 1667 667 1732 fuisse
690 1667 839 1732 discimus
862 1685 898 1731 er
919 1667 967 1738 tit,
983 1665 1077 1732 n.47.
1109 1665 1242 1744 Gilhert,
1258 1665 1312 1747 qui
1333 1663 1468 1730 veterem

310 1770 472 1853 ¹hlphem.
496 1769 591 1834 Arch.
623 1769 747 1834 omnine
778 1769 933 1852 neglexit,
968 1787 1041 1834 sane
1072 1769 1168 1834 etiam
1197 1767 1361 1851 πρυτάνεις
1397 1767 1467 1832 illos

332 1873 481 1955 ‚ignerat;
504 1889 581 1954 ques
597 1872 703 1936 sutem
718 1871 826 1936 attulit
839 1871 1019 1955 προστάτας
1029 1869 1065 1955 ³),
1088 1871 1113 1936 ii
1134 1871 1262 1936 minime
1285 1889 1356 1936 cum
1368 1870 1468 1936 Athe·

340 1977 494 2042 niensium
516 1974 699 2059 prytauihus
722 1975 895 2058 comparari
916 1973 1056 2057 possunt.
1102 1971 1230 2051 Causae,
1246 1991 1300 2038 cur
1319 1972 1378 2038 hcc
1394 1991 1468 2038 con-

340 2079 476 2158 tendam,
499 2079 557 2143 hae
581 2080 670 2142 suut:
697 2075 729 2161 1)
752 2077 915 2160 πρυτάνεις
937 2077 986 2142 1111
1001 2077 1081 2144 certa
1097 2076 1186 2141 erant
1204 2074 1372 2159 praesides,
1388 2074 1469 2158 qued

341 2200 412 2246 cum
435 2200 472 2246 er
492 2180 549 2244 illa
570 2179 782 2260 inscriptione,
804 2181 874 2243 tum
897 2198 934 2243 er
947 2197 1062 2262 magna
1077 2177 1131 2244 Cei
1145 2177 1266 2243 insulae
1283 2197 1355 2242 cum
1369 2177 1468 2244 Athe·

339 2285 497 2352 niensium
519 2303 623 2349 rerum
645 2283 841 2363 publicarum
865 2281 1026 2348 adfinitate
1050 2281 1201 2359 efficitur;
1225 2280 1383 2364 praesides
1397 2279 1469 2346 illos

341 2389 447 2453 autem
468 2387 575 2454 Julide
597 2386 687 2453 medo
711 2385 875 2470 πρυτάνεις
897 2385 987 2450 modo
1018 2383 1198 2469 προστάτας
1224 2384 1397 2467 appellatos
1419 2383 1469 2448 lir-

341 2491 402 2556 isse
425 2506 515 2554 uemc
539 2491 587 2554 est
609 2489 683 2570 quin
706 2491 817 2571 ueget3
841 2507 914 2572 ergo
936 2487 1111 2572 apscedam
1126 2487 1176 2551 1111
1191 2487 1282 2552 aliter
1296 2485 1471 2568 explicandi

342 2592 424 2670 sunt,
469 2590 503 2676 2)
525 2593 558 2657 iu
579 2592 630 2657 tit.
653 2611 684 2655 u.
709 2590 782 2670 123,
804 2591 859 2656 ubi
880 2611 910 2656 v.
932 2589 974 2654 37
1000 2590 1174 2676 προστάται
1206 2587 1396 2654 Julietarum
1417 2607 1469 2654 ex-

341 2695 433 2773 stant
456 2695 490 2760 iu
522 2694 715 2761 Corssicrum
746 2695 868 2762 decreto
899 2715 929 2759 ν.
954 2694 995 2758 16
1028 2714 1073 2777 sq.
1097 2691 1222 2772 ἔνδειξις
1243 2693 1280 2758 fit
1301 2695 1377 2776 πρὸς
1398 2695 1470 2769 τοὺς

342 2796 546 2882 ἀστυνόμους,
558 2798 690 2864 Athenis
704 2798 744 2864 ad
759 2798 986 2864 undecimvircs
1003 2797 1094 2879 atque
1109 2796 1333 2862 thesmuthstas
1344 2795 1382 2878 ⁴),
1396 2813 1469 2879 erge

343 2901 438 2966 etiam
459 2901 649 2968 Julietarum
671 2901 856 2985 προστάται
869 2900 952 2966 haud
974 2900 1066 2965 dubie
1088 2901 1122 2964 in
1144 2900 1388 2983 magistratuum
1411 2919 1469 2964 nu-

341 3021 425 3069 mero
448 3003 583 3068 habendi
606 3003 725 3084 sunt⁵),
765 3002 799 3086 3)
823 3021 913 3067 neme
936 3002 1045 3082 adhuc,
1070 3003 1152 3086 quod
1175 3003 1281 3082 sciam,
1304 3002 1468 3080 intellexit,

446 3241 471 3309 1)
490 3241 524 3296 cf.
542 3240 677 3309 Rangabe
694 3256 721 3294 u.
741 3240 809 3305 6893
829 3240 945 3305 Gilbert,
964 3239 1045 3294 Stalt.
1064 3241 1088 3293 11
1105 3255 1132 3308 p.
1151 3241 1185 3301 dt
1204 3255 1244 3308 sq.
1263 3242 1321 3295 uot.
1339 3242 1364 3296 2.

436 3325 470 3396 2)
490 3328 524 3382 et
542 3328 638 3392 Hieks,
665 3328 764 3382 dcurn.
785 3328 817 3380 cf
830 3328 897 3382 hell.
916 3328 988 3382 stud.
1008 3325 1070 3381 Vlll
1089 3326 1177 3396 (1887)
1196 3328 1303 3394 p.106;
1321 3327 1469 3391 chbcda,

343 3413 390 3466 Gr.
411 3414 607 3468 Volksbesehl.
625 3428 651 3480 p.
670 3415 711 3467 72.

446 3498 473 3565 3)
492 3498 610 3562 aribert,
639 3497 719 3551 stan.
738 3498 763 3551 II
789 3513 816 3565 p.
833 3499 885 3552 203
913 3499 942 3552 et
959 3499 1017 3552 not.
1036 3498 1070 3551 4:
1100 3499 1200 3562 ,uuter
1217 3499 1309 3553 denen
1334 3499 1382 3552 ich
1408 3499 1470 3553 eine

343 3584 397 3638 den
425 3584 611 3638 athenischen
628 3583 774 3650 Prytanen
803 3584 1025 3652 eutsprscheude
1037 3582 1293 3641 ''Suhcommissicn
1310 3586 1361 3640 der
1385 3584 1470 3653 βουλή

342 3669 476 3722 verstehe
494 3668 522 3722 0.
541 3669 566 3723 d.
585 3670 617 3722 A.
636 3669 661 3722 Π
677 3669 753 3724 546.“

444 3751 472 3820 4)
492 3753 525 3807 cf.
544 3752 661 3807 Aristot.
680 3751 769 3820 'Asea
790 3753 847 3808 πολ.
865 3755 908 3818 52,
928 3755 943 3808 1
961 3754 1002 3806 καὶ
1020 3755 1072 3823 γὰρ
1090 3754 1190 3814 ταύτας
1205 3754 1255 3824 (sc.
1273 3758 1322 3815 τὰς
1337 3755 1471 3823 ἐνδείξεις)

342 3838 488 3906 εἰσάγουσιν
506 3839 530 3890 οἱ
548 3837 660 3894 ἕνδεκα.
674 3839 808 3908 εἰσάγουσι
826 3840 858 3892 δὲ
875 3845 928 3892 τῶν
946 3841 1083 3901 ἐνάείξεών
1111 3858 1183 3900 τινας
1198 3841 1240 3894 καὶ
1257 3842 1282 3894 οἱ
1298 3841 1470 3905 θεσμοθέται.

445 3925 472 3995 5)
490 3927 567 3982 Haec
583 3927 641 3982 ism
659 3928 769 3995 pridem
787 3930 894 3996 scriptu
911 3931 1000 3995 erant,
1028 3944 1093 3984 cum
1110 3929 1268 3984 chhodae
1284 3930 1396 3994 librum,
1423 3930 1473 3996 qui

345 4010 406 4074 ,die
423 4011 621 4077 griechischen
634 4013 905 4068 Vclksbeschltisse“
925 4015 1098 4078 inscribitur,
1116 4016 1220 4082 accepi.
1239 4014 1472 4078 QucdSwohods

343 4095 462 4149 eandem
480 4097 652 4151 seutentiam
669 4099 788 4165 pretulit
816 4101 900 4167 utque
919 4114 981 4167 ego,
999 4101 1127 4167 gaudem
1155 4100 1189 4154 cf.
1207 4114 1234 4166 p.
1252 4101 1304 4154 93:
1335 4099 1382 4164 ,Iu
1399 4099 1472 4154 lulis

343 4179 371 4234 Ο.
399 4180 518 4235 J.A.11
544 4181 596 4236 546
623 4197 646 4236 z.
674 4183 708 4236 36
736 4197 835 4238 waren
865 4185 907 4239 sie
933 4184 1079 4252 judicielle
1112 4184 1253 4239 Beamte.“
1301 4184 1473 4240 dulieturum

342 4267 483 4333 πρυτάνεις
507 4266 649 4322 Swohodc
666 4269 798 4324 similiter
816 4272 901 4338 atque
918 4270 1029 4324 Gilbert
1047 4271 1162 4324 omniuo
1181 4271 1302 4338 ignorat,
1321 4271 1372 4326 sed
1388 4271 1472 4325 vetus

342 4353 393 4406 illa
410 4353 525 4422 Ephem.
545 4353 703 4410 chhcdae
721 4371 779 4410 nou
797 4357 911 4410 videtur
927 4358 1041 4424 praesto
1059 4357 1156 4412 fuisse.
